%% This BibTeX bibliography file was created using BibDesk.
%% http://bibdesk.sourceforge.net/

%% Created for ZhuQianqian at 2017-07-23 21:26:08 +0800 


%% Saved with string encoding Unicode (UTF-8) 



@article{bartolini2011bringing,
	Author = {Bartolini, Cesare and Bertolino, Antonia and Elbaum, Sebastian and Marchetti, Eda},
	Date-Added = {2017-07-23 12:45:09 +0000},
	Date-Modified = {2017-07-23 12:45:09 +0000},
	Journal = {Journal of Systems and Software},
	Number = {4},
	Pages = {655--668},
	Publisher = {Elsevier},
	Title = {Bringing white-box testing to service oriented architectures through a service oriented approach},
	Volume = {84},
	Year = {2011}}

@inproceedings{briand2006automated,
	Author = {Briand, Lionel C and Labiche, Yvan and S{\'o}wka, Michal M},
	Booktitle = {Proceedings of the 28th international conference on Software engineering},
	Date-Added = {2017-07-23 12:45:00 +0000},
	Date-Modified = {2017-07-23 12:45:00 +0000},
	Organization = {ACM},
	Pages = {92--101},
	Title = {Automated, contract-based user testing of commercial-off-the-shelf components},
	Year = {2006}}

@article{ye2013whitening,
	Author = {Ye, Chunyang and Jacobsen, Hans-Arno},
	Date-Added = {2017-07-23 12:44:52 +0000},
	Date-Modified = {2017-07-23 12:44:52 +0000},
	Journal = {IEEE Transactions on Software Engineering},
	Number = {10},
	Pages = {1444--1465},
	Publisher = {IEEE},
	Title = {Whitening SOA testing via event exposure},
	Volume = {39},
	Year = {2013}}

@inproceedings{flores2008testing,
	Author = {Flores, Andres and Usaola, Macario Polo},
	Booktitle = {Software Maintenance, 2008. ICSM 2008. IEEE International Conference on},
	Date-Added = {2017-07-23 12:44:42 +0000},
	Date-Modified = {2017-07-23 12:44:42 +0000},
	Organization = {IEEE},
	Pages = {327--336},
	Title = {Testing-based assessment process for upgrading component systems},
	Year = {2008}}

@article{edwards2001framework,
	Author = {Edwards, Stephen H},
	Date-Added = {2017-07-23 12:44:34 +0000},
	Date-Modified = {2017-07-23 12:44:34 +0000},
	Journal = {Software Testing, Verification and Reliability},
	Number = {2},
	Pages = {97--111},
	Publisher = {Wiley Online Library},
	Title = {A framework for practical, automated black-box testing of component-based software},
	Volume = {11},
	Year = {2001}}

@inproceedings{mariani2007compatibility,
	Author = {Mariani, Leonardo and Papagiannakis, Sofia and Pezze, Mauro},
	Booktitle = {Software Engineering, 2007. ICSE 2007. 29th International Conference on},
	Date-Added = {2017-07-23 12:44:25 +0000},
	Date-Modified = {2017-07-23 12:44:25 +0000},
	Organization = {IEEE},
	Pages = {85--95},
	Title = {Compatibility and regression testing of COTS-component-based software},
	Year = {2007}}

@inproceedings{rutherford2006simulation,
	Author = {Rutherford, Matthew J and Carzaniga, Antonio and Wolf, Alexander L},
	Booktitle = {Proceedings of the 14th ACM SIGSOFT international symposium on Foundations of software engineering},
	Date-Added = {2017-07-23 12:44:16 +0000},
	Date-Modified = {2017-07-23 12:44:16 +0000},
	Organization = {ACM},
	Pages = {231--241},
	Title = {Simulation-based test adequacy criteria for distributed systems},
	Year = {2006}}

@article{vincenzi2001unit,
	Author = {Vincenzi, Auri Marcelo Rizzo and Maldonado, Jose Carlos and Barbosa, Ellen Francine and Delamaro, Marcio Eduardo},
	Date-Added = {2017-07-23 12:43:37 +0000},
	Date-Modified = {2017-07-23 12:43:37 +0000},
	Journal = {Software Testing, Verification and Reliability},
	Number = {4},
	Pages = {249--268},
	Publisher = {Wiley Online Library},
	Title = {Unit and integration testing strategies for C programs using mutation},
	Volume = {11},
	Year = {2001}}

@article{flores2012testing,
	Author = {Flores, Andres and Polo, Macario},
	Date-Added = {2017-07-23 12:43:06 +0000},
	Date-Modified = {2017-07-23 12:43:06 +0000},
	Journal = {Software Testing, Verification and Reliability},
	Number = {8},
	Pages = {529--561},
	Publisher = {Wiley Online Library},
	Title = {Testing-based process for component substitutability},
	Volume = {22},
	Year = {2012}}

@article{polo2007integrating,
	Author = {Polo, Macario and Tendero, Sergio and Piattini, Mario},
	Date-Added = {2017-07-23 12:42:58 +0000},
	Date-Modified = {2017-07-23 12:42:58 +0000},
	Journal = {Software Testing, Verification and Reliability},
	Number = {1},
	Pages = {3--39},
	Publisher = {Wiley Online Library},
	Title = {Integrating techniques and tools for testing automation},
	Volume = {17},
	Year = {2007}}

@inproceedings{fabbri1999mutation,
	Author = {Fabbri, Sandra Camargo Pinto Ferraz and Maldonado, Jos{\'e} Carlos and Sugeta, Tatiana and Masiero, Paulo Cesar},
	Booktitle = {Software Reliability Engineering, 1999. Proceedings. 10th International Symposium on},
	Date-Added = {2017-07-23 12:42:44 +0000},
	Date-Modified = {2017-07-23 12:42:44 +0000},
	Organization = {IEEE},
	Pages = {210--219},
	Title = {Mutation testing applied to validate specifications based on statecharts},
	Year = {1999}}

@inproceedings{dadeau2011mutation,
	Author = {Dadeau, Fr{\'e}d{\'e}ric and H{\'e}am, Pierre-Cyrille and Kheddam, Rafik},
	Booktitle = {Software Testing, Verification and Validation (ICST), 2011 IEEE Fourth International Conference on},
	Date-Added = {2017-07-23 12:42:27 +0000},
	Date-Modified = {2017-07-23 12:42:27 +0000},
	Organization = {IEEE},
	Pages = {240--248},
	Title = {Mutation-based test generation from security protocols in HLPSL},
	Year = {2011}}

@article{hierons2009mutation,
	Author = {Hierons, Robert M and Merayo, Mercedes G},
	Date-Added = {2017-07-23 12:42:18 +0000},
	Date-Modified = {2017-07-23 12:42:18 +0000},
	Journal = {Journal of Systems and Software},
	Number = {11},
	Pages = {1804--1818},
	Publisher = {Elsevier},
	Title = {Mutation testing from probabilistic and stochastic finite state machines},
	Volume = {82},
	Year = {2009}}

@inproceedings{rojas2015combining,
	Author = {Rojas, Jos{\'e} Miguel and Campos, Jos{\'e} and Vivanti, Mattia and Fraser, Gordon and Arcuri, Andrea},
	Booktitle = {International Symposium on Search Based Software Engineering},
	Date-Added = {2017-07-23 12:42:07 +0000},
	Date-Modified = {2017-07-23 12:42:07 +0000},
	Organization = {Springer},
	Pages = {93--108},
	Title = {Combining multiple coverage criteria in search-based unit test generation},
	Year = {2015}}

@inproceedings{offutt1995procedures,
	Author = {Offutt, A Jefferson and Pan, Jie and Voas, Jeffrey M},
	Booktitle = {Proceedings of the Twelfth International Conference on Testing Computer Software},
	Date-Added = {2016-07-22 14:35:43 +0000},
	Date-Modified = {2016-07-28 14:52:53 +0000},
	Organization = {Citeseer},
	Title = {Procedures for reducing the size of coverage-based test sets},
	Year = {1995}}

@inproceedings{le2007testing,
	Author = {Le Traon, Yves and Mouelhi, Tejeddine and Baudry, Benoit},
	Booktitle = {The 18th IEEE International Symposium on Software Reliability (ISSRE'07)},
	Date-Added = {2016-07-17 18:37:04 +0000},
	Date-Modified = {2016-07-17 18:37:04 +0000},
	Organization = {IEEE},
	Pages = {93--102},
	Title = {Testing security policies: going beyond functional testing},
	Year = {2007}}

@article{ali2007state,
	Author = {Ali, Shaukat and Briand, Lionel C and Rehman, Muhammad Jaffar-ur and Asghar, Hajra and Iqbal, Muhammad Zohaib Z and Nadeem, Aamer},
	Date-Added = {2016-07-16 19:59:24 +0000},
	Date-Modified = {2016-07-16 19:59:24 +0000},
	Journal = {Information and Software Technology},
	Number = {11},
	Pages = {1087--1106},
	Publisher = {Elsevier},
	Title = {A state-based approach to integration testing based on UML models},
	Volume = {49},
	Year = {2007}}

@article{aichernig2015killing,
	Author = {Aichernig, Bernhard K and Brandl, Harald and J{\"o}bstl, Elisabeth and Krenn, Willibald and Schlick, Rupert and Tiran, Stefan},
	Date-Added = {2016-07-16 19:53:08 +0000},
	Date-Modified = {2016-07-16 19:53:08 +0000},
	Journal = {Software Testing, Verification and Reliability},
	Number = {8},
	Pages = {716--748},
	Publisher = {Wiley Online Library},
	Title = {Killing strategies for model-based mutation testing},
	Volume = {25},
	Year = {2015}}

@inproceedings{aichernig2011efficient,
	Author = {Aichernig, Bernhard K and Brandl, Harald and J{\"o}bstl, Elisabeth and Krenn, Willibald},
	Booktitle = {2011 Fourth IEEE International Conference on Software Testing, Verification and Validation},
	Date-Added = {2016-07-15 12:38:13 +0000},
	Date-Modified = {2016-07-15 12:38:13 +0000},
	Organization = {IEEE},
	Pages = {120--129},
	Title = {Efficient mutation killers in action},
	Year = {2011}}

@inproceedings{ausserlechner2013right,
	Author = {Au{\ss}erlechner, Simon and Fruhmann, Sandra and Wieser, Wolfgang and Hofer, Birgit and Sp{\"o}rk, Raphael and M{\"u}hlbacher, Clemens and Wotawa, Franz},
	Booktitle = {2013 13th International Conference on Quality Software},
	Date-Added = {2016-07-02 11:31:14 +0000},
	Date-Modified = {2016-07-02 11:31:14 +0000},
	Organization = {IEEE},
	Pages = {139--148},
	Title = {The right choice matters! SMT solving substantially improves model-based debugging of spreadsheets},
	Year = {2013}}

@article{arcaini2015using,
	Author = {Arcaini, Paolo and Gargantini, Angelo and Riccobene, Elvinia},
	Date-Added = {2016-06-23 08:53:23 +0000},
	Date-Modified = {2016-06-23 08:53:23 +0000},
	Journal = {Software Testing, Verification and Reliability},
	Number = {5-7},
	Pages = {629--652},
	Publisher = {Wiley Online Library},
	Title = {Using mutation to assess fault detection capability of model review},
	Volume = {25},
	Year = {2015}}

@inproceedings{kanewala2013using,
	Author = {Kanewala, Upulee and Bieman, James M},
	Booktitle = {2013 IEEE 24th International Symposium on Software Reliability Engineering (ISSRE)},
	Date-Added = {2016-06-23 08:53:02 +0000},
	Date-Modified = {2016-06-23 08:53:02 +0000},
	Organization = {IEEE},
	Pages = {1--10},
	Title = {Using machine learning techniques to detect metamorphic relations for programs without test oracles},
	Year = {2013}}

@article{mcminn2015effectiveness,
	Author = {Mcminn, Phil and Wright, Chris J and Kapfhammer, Gregory M},
	Date-Added = {2016-06-23 08:52:25 +0000},
	Date-Modified = {2016-06-23 08:52:25 +0000},
	Journal = {ACM Transactions on Software Engineering and Methodology (TOSEM)},
	Number = {1},
	Pages = {8},
	Publisher = {ACM},
	Title = {The effectiveness of test coverage criteria for relational database schema integrity constraints},
	Volume = {25},
	Year = {2015}}

@article{aboutrab2013testing,
	Author = {AbouTrab, M Saeed and Brockway, Michael and Counsell, Steve and Hierons, Robert M},
	Date-Added = {2016-06-23 08:51:26 +0000},
	Date-Modified = {2016-06-23 08:51:26 +0000},
	Journal = {Journal of Systems and Software},
	Number = {5},
	Pages = {1209--1223},
	Publisher = {Elsevier},
	Title = {Testing real-time embedded systems using timed automata based approaches},
	Volume = {86},
	Year = {2013}}

@article{xu2012testing,
	Author = {Xu, Dianxiang and El-Ariss, Omar and Xu, Weifeng and Wang, Linzhang},
	Date-Added = {2016-06-23 08:51:09 +0000},
	Date-Modified = {2016-06-23 08:51:09 +0000},
	Journal = {Software Testing, Verification and Reliability},
	Number = {4},
	Pages = {267--293},
	Publisher = {Wiley Online Library},
	Title = {Testing aspect-oriented programs with finite state machines},
	Volume = {22},
	Year = {2012}}

@article{xie2011testing,
	Author = {Xie, Xiaoyuan and Ho, Joshua WK and Murphy, Christian and Kaiser, Gail and Xu, Baowen and Chen, Tsong Yueh},
	Date-Added = {2016-06-23 08:50:59 +0000},
	Date-Modified = {2016-06-23 08:50:59 +0000},
	Journal = {Journal of Systems and Software},
	Number = {4},
	Pages = {544--558},
	Publisher = {Elsevier},
	Title = {Testing and validating machine learning classifiers by metamorphic testing},
	Volume = {84},
	Year = {2011}}

@inproceedings{bandyopadhyay2009test,
	Author = {Bandyopadhyay, Aritra and Ghosh, Sudipto},
	Booktitle = {2009 International Conference on Software Testing Verification and Validation},
	Date-Added = {2016-06-23 08:50:40 +0000},
	Date-Modified = {2016-06-23 08:50:40 +0000},
	Organization = {IEEE},
	Pages = {121--130},
	Title = {Test input generation using UML sequence and state machines models},
	Year = {2009}}

@inproceedings{pinte2008techniques,
	Author = {Pinte, Florin and Oster, Norbert and Saglietti, Francesca},
	Booktitle = {Companion of the 30th international conference on Software engineering},
	Date-Added = {2016-06-23 08:50:31 +0000},
	Date-Modified = {2016-06-23 08:50:31 +0000},
	Organization = {ACM},
	Pages = {927--928},
	Title = {Techniques and tools for the automatic generation of optimal test data at code, model and interface level},
	Year = {2008}}

@article{patrick2015subdomain,
	Author = {Patrick, Matthew and Alexander, Rob and Oriol, Manuel and Clark, John A},
	Date-Added = {2016-06-23 08:50:21 +0000},
	Date-Modified = {2016-06-23 08:50:21 +0000},
	Journal = {Journal of Systems and Software},
	Pages = {328--342},
	Publisher = {Elsevier},
	Title = {Subdomain-based test data generation},
	Volume = {103},
	Year = {2015}}

@inproceedings{mottu2012static,
	Author = {Mottu, Jean-Marie and Sen, Sagar and Tisi, Massimo and Cabot, Jordi},
	Booktitle = {2012 IEEE 23rd International Symposium on Software Reliability Engineering},
	Date-Added = {2016-06-23 08:50:09 +0000},
	Date-Modified = {2016-06-23 08:50:09 +0000},
	Organization = {IEEE},
	Pages = {291--300},
	Title = {Static analysis of model transformations for effective test generation},
	Year = {2012}}

@inproceedings{koster2007state,
	Author = {Koster, Ken and Kao, David},
	Booktitle = {The 6th Joint Meeting on European software engineering conference and the ACM SIGSOFT symposium on the foundations of software engineering: companion papers},
	Date-Added = {2016-06-23 08:49:52 +0000},
	Date-Modified = {2016-06-23 08:49:52 +0000},
	Organization = {ACM},
	Pages = {541--544},
	Title = {State coverage: a structural test adequacy criterion for behavior checking},
	Year = {2007}}

@inproceedings{watanabe1996specification,
	Author = {Watanabe, Aki and Sakamura, Ken},
	Booktitle = {Proceedings of the 18th international conference on Software engineering},
	Date-Added = {2016-06-23 08:49:43 +0000},
	Date-Modified = {2016-06-23 08:49:43 +0000},
	Organization = {IEEE Computer Society},
	Pages = {81--89},
	Title = {A specification-based adaptive test case generation strategy for open operating system standards},
	Year = {1996}}

@inproceedings{bardin2015sound,
	Author = {Bardin, S{\'e}bastien and Delahaye, Micka{\"e}l and David, Robin and Kosmatov, Nikolai and Papadakis, Mike and Le Traon, Yves and Marion, Jean-Yves},
	Booktitle = {2015 IEEE 8th International Conference on Software Testing, Verification and Validation (ICST)},
	Date-Added = {2016-06-23 08:49:33 +0000},
	Date-Modified = {2016-06-23 08:49:33 +0000},
	Organization = {IEEE},
	Pages = {1--10},
	Title = {Sound and quasi-complete detection of infeasible test requirements},
	Year = {2015}}

@article{smith2009should,
	Author = {Smith, Ben H and Williams, Laurie},
	Date-Added = {2016-06-23 08:49:23 +0000},
	Date-Modified = {2016-06-23 08:49:23 +0000},
	Journal = {Journal of Systems and Software},
	Number = {11},
	Pages = {1819--1832},
	Publisher = {Elsevier},
	Title = {Should software testers use mutation analysis to augment a test set?},
	Volume = {82},
	Year = {2009}}

@inproceedings{kapfhammer2013search,
	Author = {Kapfhammer, Gregory M and McMinn, Phil and Wright, Chris J},
	Booktitle = {2013 IEEE Sixth International Conference on Software Testing, Verification and Validation},
	Date-Added = {2016-06-23 08:49:13 +0000},
	Date-Modified = {2016-06-23 08:49:13 +0000},
	Organization = {IEEE},
	Pages = {31--40},
	Title = {Search-based testing of relational schema integrity constraints across multiple database management systems},
	Year = {2013}}

@inproceedings{xu2010prioritizing,
	Author = {Xu, Dianxiang and Ding, Junhua},
	Booktitle = {2010 Third International Conference on Software Testing, Verification and Validation},
	Date-Added = {2016-06-23 08:49:01 +0000},
	Date-Modified = {2016-06-23 08:49:01 +0000},
	Organization = {IEEE},
	Pages = {265--274},
	Title = {Prioritizing state-based aspect tests},
	Year = {2010}}

@inproceedings{von2000planner,
	Author = {von Mayrhauser, Anneliese and Scheetz, Michael and Dahlman, Eric and Howe, Adele E},
	Booktitle = {Software Reliability Engineering, 2000. ISSRE 2000. Proceedings. 11th International Symposium on},
	Date-Added = {2016-06-23 08:48:39 +0000},
	Date-Modified = {2016-06-23 08:48:39 +0000},
	Organization = {IEEE},
	Pages = {186--195},
	Title = {Planner based error recovery testing},
	Year = {2000}}

@inproceedings{mayer2006random,
	Author = {Mayer, Johannes and Guderlei, Ralph},
	Booktitle = {2006 Sixth International Conference on Quality Software (QSIC'06)},
	Date-Added = {2016-06-23 08:48:13 +0000},
	Date-Modified = {2016-06-23 08:48:13 +0000},
	Organization = {IEEE},
	Pages = {85--92},
	Title = {On random testing of image processing applications},
	Year = {2006}}

@inproceedings{belli2011mutation,
	Author = {Belli, Fevzi and Beyazit, Mutlu and Takagi, Tomohiko and Furukawa, Zengo},
	Booktitle = {2011 Fourth IEEE International Conference on Software Testing, Verification and Validation},
	Date-Added = {2016-06-23 08:48:01 +0000},
	Date-Modified = {2016-06-23 08:48:01 +0000},
	Organization = {IEEE},
	Pages = {249--258},
	Title = {Mutation Testing of" Go-Back" Functions Based on Pushdown Automata},
	Year = {2011}}

@inproceedings{pretschner2008model,
	Author = {Pretschner, Alexander and Mouelhi, Tejeddine and Le Traon, Yves},
	Booktitle = {2008 1st International Conference on Software Testing, Verification, and Validation},
	Date-Added = {2016-06-23 08:47:51 +0000},
	Date-Modified = {2016-06-23 08:47:51 +0000},
	Organization = {IEEE},
	Pages = {338--347},
	Title = {Model-based tests for access control policies},
	Year = {2008}}

@inproceedings{rubab2014model,
	Author = {Rubab, Iram and Ali, Shaukat and Briand, Lionel and Le Traon, Yves},
	Booktitle = {2014 14th International Conference on Quality Software},
	Date-Added = {2016-06-23 08:47:37 +0000},
	Date-Modified = {2016-06-23 08:47:37 +0000},
	Organization = {IEEE},
	Pages = {1--10},
	Title = {Model-based testing of obligations},
	Year = {2014}}

@inproceedings{lorber2015model,
	Author = {Lorber, Florian},
	Booktitle = {2015 IEEE 8th International Conference on Software Testing, Verification and Validation (ICST)},
	Date-Added = {2016-06-23 08:47:25 +0000},
	Date-Modified = {2016-06-23 08:47:25 +0000},
	Organization = {IEEE},
	Pages = {1--2},
	Title = {Model-Based Mutation Testing of Synchronous and Asynchronous Real-Time Systems},
	Year = {2015}}

@inproceedings{stephan2014model,
	Author = {Stephan, Matthew and Cordy, James R},
	Booktitle = {ICSME},
	Date-Added = {2016-06-23 08:46:47 +0000},
	Date-Modified = {2016-06-23 08:46:47 +0000},
	Pages = {633--638},
	Title = {Model Clone Detector Evaluation Using Mutation Analysis.},
	Year = {2014}}

@inproceedings{baudry2002genes,
	Author = {Baudry, Benoit and Fleurey, Franck and J{\'e}z{\'e}quel, J-M and Le Traon, Yves},
	Booktitle = {Software Reliability Engineering, 2002. ISSRE 2003. Proceedings. 13th International Symposium on},
	Date-Added = {2016-06-23 08:45:55 +0000},
	Date-Modified = {2016-06-23 08:45:55 +0000},
	Organization = {IEEE},
	Pages = {195--206},
	Title = {Genes and bacteria for automatic test cases optimization in the. net environment},
	Year = {2002}}

@inproceedings{lee2001generating,
	Author = {Lee, Suet Chun and Offutt, Jeff},
	Booktitle = {Software Reliability Engineering, 2001. ISSRE 2001. Proceedings. 12th International Symposium on},
	Date-Added = {2016-06-23 08:45:45 +0000},
	Date-Modified = {2016-06-23 08:45:45 +0000},
	Organization = {IEEE},
	Pages = {200--209},
	Title = {Generating test cases for XML-based Web component interactions using mutation analysis},
	Year = {2001}}

@inproceedings{di2015generating,
	Author = {Di Nardo, Daniel and Pastore, Fabrizio and Briand, Lionel},
	Booktitle = {2015 IEEE 8th International Conference on Software Testing, Verification and Validation (ICST)},
	Date-Added = {2016-06-23 08:45:35 +0000},
	Date-Modified = {2016-06-23 08:45:35 +0000},
	Organization = {IEEE},
	Pages = {1--10},
	Title = {Generating complex and faulty test data through model-based mutation analysis},
	Year = {2015}}

@article{baudry2005genetic,
	Author = {Baudry, Benoit and Fleurey, Franck and J{\'e}z{\'e}quel, Jean-Marc and Le Traon, Yves},
	Date-Added = {2016-06-23 08:45:26 +0000},
	Date-Modified = {2016-06-23 08:45:26 +0000},
	Journal = {Software Testing, Verification and Reliability},
	Number = {2},
	Pages = {73--96},
	Publisher = {Wiley Online Library},
	Title = {From genetic to bacteriological algorithms for mutation-based testing},
	Volume = {15},
	Year = {2005}}

@article{belli2015exploiting,
	Author = {Belli, Fevzi and Beyaz{\i}t, Mutlu},
	Date-Added = {2016-06-23 08:45:13 +0000},
	Date-Modified = {2016-06-23 08:45:13 +0000},
	Journal = {IEEE Transactions on Software Engineering},
	Number = {2},
	Pages = {113--134},
	Publisher = {IEEE},
	Title = {Exploiting model morphology for event-based testing},
	Volume = {41},
	Year = {2015}}

@article{demillo1993experimental,
	Author = {DeMillo, Richard A and Offutt, A Jefferson},
	Date-Added = {2016-06-23 08:45:03 +0000},
	Date-Modified = {2016-06-23 08:45:03 +0000},
	Journal = {ACM Transactions on Software Engineering and Methodology (TOSEM)},
	Number = {2},
	Pages = {109--127},
	Publisher = {ACM},
	Title = {Experimental results from an automatic test case generator},
	Volume = {2},
	Year = {1993}}

@inproceedings{tan2008evaluating,
	Author = {Tan, Roy Patrick and Edwards, Stephen},
	Booktitle = {2008 1st International Conference on Software Testing, Verification, and Validation},
	Date-Added = {2016-06-23 08:44:43 +0000},
	Date-Modified = {2016-06-23 08:44:43 +0000},
	Organization = {IEEE},
	Pages = {62--71},
	Title = {Evaluating automated unit testing in sulu},
	Year = {2008}}

@inproceedings{mirshokraie2014effective,
	Author = {Mirshokraie, Shabnam},
	Booktitle = {Proceedings of the 2014 International Symposium on Software Testing and Analysis},
	Date-Added = {2016-06-23 08:42:49 +0000},
	Date-Modified = {2016-06-23 08:42:49 +0000},
	Organization = {ACM},
	Pages = {453--456},
	Title = {Effective test generation and adequacy assessment for JavaScript-based web applications},
	Year = {2014}}

@article{yoon2004effective,
	Author = {Yoon, Hoijin and Choi, Byoungju},
	Date-Added = {2016-06-23 08:42:38 +0000},
	Date-Modified = {2016-06-23 08:42:38 +0000},
	Journal = {Software Testing, Verification and Reliability},
	Number = {1},
	Pages = {45--70},
	Publisher = {Wiley Online Library},
	Title = {Effective test case selection for component customization and its application to Enterprise JavaBeans},
	Volume = {14},
	Year = {2004}}

@article{le2006design,
	Author = {Le Traon, Yves and Baudry, Benoit and J{\'e}z{\'e}quel, J-M},
	Date-Added = {2016-06-23 08:42:23 +0000},
	Date-Modified = {2016-06-23 08:42:23 +0000},
	Journal = {IEEE Transactions on Software Engineering},
	Number = {8},
	Pages = {571--586},
	Publisher = {IEEE},
	Title = {Design by contract to improve software vigilance},
	Volume = {32},
	Year = {2006}}

@article{vergilio2006constraint,
	Author = {Vergilio, Silvia Regina and Maldonado, Jos{\'e} Carlos and Jino, Mario and Soares, Inali Wisniewski},
	Date-Added = {2016-06-23 08:41:50 +0000},
	Date-Modified = {2016-06-23 08:41:50 +0000},
	Journal = {Journal of Systems and Software},
	Number = {6},
	Pages = {756--771},
	Publisher = {Elsevier},
	Title = {Constraint based structural testing criteria},
	Volume = {79},
	Year = {2006}}

@inproceedings{edwards2014comparing,
	Author = {Edwards, Stephen H and Shams, Zalia},
	Booktitle = {Companion Proceedings of the 36th International Conference on Software Engineering},
	Date-Added = {2016-06-23 08:41:26 +0000},
	Date-Modified = {2016-06-23 08:41:26 +0000},
	Organization = {ACM},
	Pages = {354--363},
	Title = {Comparing test quality measures for assessing student-written tests},
	Year = {2014}}

@article{schuler2013checked,
	Author = {Schuler, David and Zeller, Andreas},
	Date-Added = {2016-06-23 08:41:14 +0000},
	Date-Modified = {2016-06-23 08:41:14 +0000},
	Journal = {Software Testing, Verification and Reliability},
	Number = {7},
	Pages = {531--551},
	Publisher = {Wiley Online Library},
	Title = {Checked coverage: an indicator for oracle quality},
	Volume = {23},
	Year = {2013}}

@inproceedings{baudry2000building,
	Author = {Baudry, Benoit and Le Hanh, Vu and J{\'e}z{\'e}quel, J-M and Le Traon, Yves},
	Booktitle = {Software Reliability Engineering, 2000. ISSRE 2000. Proceedings. 11th International Symposium on},
	Date-Added = {2016-06-23 08:41:02 +0000},
	Date-Modified = {2016-06-23 08:41:02 +0000},
	Organization = {IEEE},
	Pages = {4--14},
	Title = {Building trust into oo components using a genetic analogy},
	Year = {2000}}

@article{edwards2000black,
	Author = {Edwards, Stephen H},
	Date-Added = {2016-06-23 08:40:35 +0000},
	Date-Modified = {2016-06-23 08:40:35 +0000},
	Journal = {Softw. Test., Verif. Reliab.},
	Number = {4},
	Pages = {249--262},
	Title = {Black-box testing using flowgraphs: an experimental assessment of effectiveness and automation potential},
	Volume = {10},
	Year = {2000}}

@inproceedings{bertolino2012automatic,
	Author = {Bertolino, Antonia and Daoudagh, Said and Lonetti, Francesca and Marchetti, Eda},
	Booktitle = {2012 IEEE Fifth International Conference on Software Testing, Verification and Validation},
	Date-Added = {2016-06-23 08:40:05 +0000},
	Date-Modified = {2016-06-23 08:40:05 +0000},
	Organization = {IEEE},
	Pages = {842--849},
	Title = {Automatic XACML requests generation for policy testing},
	Year = {2012}}

@inproceedings{segura2010automated,
	Author = {Segura, Sergio and Hierons, Robert M and Benavides, David and Ruiz-Cort{\'e}s, Antonio},
	Booktitle = {2010 Third International Conference on Software Testing, Verification and Validation},
	Date-Added = {2016-06-23 08:39:52 +0000},
	Date-Modified = {2016-06-23 08:39:52 +0000},
	Organization = {IEEE},
	Pages = {35--44},
	Title = {Automated test data generation on the analyses of feature models: A metamorphic testing approach},
	Year = {2010}}

@article{jee2014automated,
	Author = {Jee, Eunkyoung and Shin, Donghwan and Cha, Sungdeok and Lee, Jang-Soo and Bae, Doo-Hwan},
	Date-Added = {2016-06-23 08:39:39 +0000},
	Date-Modified = {2016-06-23 08:39:39 +0000},
	Journal = {Software Testing, Verification and Reliability},
	Number = {8},
	Pages = {608--628},
	Publisher = {Wiley Online Library},
	Title = {Automated test case generation for FBD programs implementing reactor protection system software},
	Volume = {24},
	Year = {2014}}

@article{gay2015automated,
	Author = {Gay, Gregory and Staats, Matt and Whalen, Michael and Heimdahl, Mats PE},
	Date-Added = {2016-06-23 08:39:28 +0000},
	Date-Modified = {2016-06-23 08:39:28 +0000},
	Journal = {IEEE Transactions on Software Engineering},
	Number = {11},
	Pages = {1119--1137},
	Publisher = {IEEE},
	Title = {Automated oracle data selection support},
	Volume = {41},
	Year = {2015}}

@inproceedings{jamrozik2012augmented,
	Author = {Jamrozik, Konrad and Fraser, Gordon and Tillmann, Nikolai and De Halleux, Jonathan},
	Booktitle = {Automated Software Engineering (ASE), 2012 Proceedings of the 27th IEEE/ACM International Conference on},
	Date-Added = {2016-06-23 08:38:27 +0000},
	Date-Modified = {2016-06-23 08:38:27 +0000},
	Organization = {IEEE},
	Pages = {254--257},
	Title = {Augmented dynamic symbolic execution},
	Year = {2012}}

@inproceedings{schuler2011assessing,
	Author = {Schuler, David and Zeller, Andreas},
	Booktitle = {2011 Fourth IEEE International Conference on Software Testing, Verification and Validation},
	Date-Added = {2016-06-23 08:38:03 +0000},
	Date-Modified = {2016-06-23 08:38:03 +0000},
	Organization = {IEEE},
	Pages = {90--99},
	Title = {Assessing oracle quality with checked coverage},
	Year = {2011}}

@inproceedings{moon2014ask,
	Author = {Moon, Seokhyeon and Kim, Yunho and Kim, Moonzoo and Yoo, Shin},
	Booktitle = {2014 IEEE Seventh International Conference on Software Testing, Verification and Validation},
	Date-Added = {2016-06-23 08:37:48 +0000},
	Date-Modified = {2016-06-23 08:37:48 +0000},
	Organization = {IEEE},
	Pages = {153--162},
	Title = {Ask the mutants: Mutating faulty programs for fault localization},
	Year = {2014}}

@article{shahamiri2012artificial,
	Author = {Shahamiri, Seyed Reza and Wan-Kadir, Wan MN and Ibrahim, Suhaimi and Hashim, Siti Zaiton Mohd},
	Date-Added = {2016-06-23 08:37:27 +0000},
	Date-Modified = {2016-06-23 08:37:27 +0000},
	Journal = {Automated Software Engineering},
	Number = {3},
	Pages = {303--334},
	Publisher = {Springer},
	Title = {Artificial neural networks as multi-networks automated test oracle},
	Volume = {19},
	Year = {2012}}

@article{baker2013empirical,
	Author = {Baker, Richard and Habli, Ibrahim},
	Date-Added = {2016-06-23 08:36:38 +0000},
	Date-Modified = {2016-06-23 08:36:38 +0000},
	Journal = {IEEE Transactions on Software Engineering},
	Number = {6},
	Pages = {787--805},
	Publisher = {IEEE},
	Title = {An empirical evaluation of mutation testing for improving the test quality of safety-critical software},
	Volume = {39},
	Year = {2013}}

@inproceedings{shrestha2011empirical,
	Author = {Shrestha, Kavir and Rutherford, Matthew J},
	Booktitle = {2011 Fourth IEEE International Conference on Software Testing, Verification and Validation},
	Date-Added = {2016-06-23 08:36:22 +0000},
	Date-Modified = {2016-06-23 08:36:22 +0000},
	Organization = {IEEE},
	Pages = {110--119},
	Title = {An empirical evaluation of assertions as oracles},
	Year = {2011}}

@inproceedings{mayer2006empirical,
	Author = {Mayer, Johannes and Schneckenburger, Christoph},
	Booktitle = {Proceedings of the 2006 ACM/IEEE international symposium on Empirical software engineering},
	Date-Added = {2016-06-23 08:36:08 +0000},
	Date-Modified = {2016-06-23 08:36:08 +0000},
	Organization = {ACM},
	Pages = {105--114},
	Title = {An empirical analysis and comparison of random testing techniques},
	Year = {2006}}

@article{chae2011automated,
	Author = {Chae, Heung Seok and Woo, Gyun and Kim, Tae Yeon and Bae, Jung Ho and Kim, Won-Young},
	Date-Added = {2016-06-23 08:35:36 +0000},
	Date-Modified = {2016-06-23 08:35:36 +0000},
	Journal = {Journal of Systems and Software},
	Number = {12},
	Pages = {2053--2064},
	Publisher = {Elsevier},
	Title = {An automated approach to reducing test suites for testing retargeted C compilers for embedded systems},
	Volume = {84},
	Year = {2011}}

@article{delamare2011approach,
	Author = {Delamare, Romain and Baudry, Benoit and Ghosh, Sudipto and Gupta, Shashank and Le Traon, Yves},
	Date-Added = {2016-06-23 08:35:23 +0000},
	Date-Modified = {2016-06-23 08:35:23 +0000},
	Journal = {Software Testing, Verification and Reliability},
	Number = {3},
	Pages = {215--239},
	Publisher = {Wiley Online Library},
	Title = {An approach for testing pointcut descriptors in aspectj},
	Volume = {21},
	Year = {2011}}

@inproceedings{shelton2012adding,
	Author = {Shelton, William and Li, Nan and Ammann, Paul and Offutt, Jeff},
	Booktitle = {2012 IEEE Fifth International Conference on Software Testing, Verification and Validation},
	Date-Added = {2016-06-23 08:35:08 +0000},
	Date-Modified = {2016-06-23 08:35:08 +0000},
	Organization = {IEEE},
	Pages = {878--886},
	Title = {Adding criteria-based tests to test driven development},
	Year = {2012}}

@inproceedings{cheon2007abstraction,
	Author = {Cheon, Yoonsik},
	Booktitle = {Seventh International Conference on Quality Software (QSIC 2007)},
	Date-Added = {2016-06-23 08:34:56 +0000},
	Date-Modified = {2016-06-23 08:34:56 +0000},
	Organization = {IEEE},
	Pages = {410--414},
	Title = {Abstraction in assertion-based test oracles},
	Year = {2007}}

@article{zhan2008search,
	Author = {Zhan, Yuan and Clark, John A},
	Date-Added = {2016-06-23 08:34:32 +0000},
	Date-Modified = {2016-06-23 08:34:32 +0000},
	Journal = {Journal of Systems and Software},
	Number = {2},
	Pages = {262--285},
	Publisher = {Elsevier},
	Title = {A search-based framework for automatic testing of MATLAB/Simulink models},
	Volume = {81},
	Year = {2008}}

@article{miller2012case,
	Author = {Miller, Tim and Strooper, Paul},
	Date-Added = {2016-06-23 08:33:59 +0000},
	Date-Modified = {2016-06-23 08:33:59 +0000},
	Journal = {Software Testing, Verification and Reliability},
	Number = {1},
	Pages = {33--63},
	Publisher = {Wiley Online Library},
	Title = {A case study in model-based testing of specifications and implementations},
	Volume = {22},
	Year = {2012}}

@inproceedings{staats2012oracle,
	Author = {Staats, Matt and Loyola, Pablo and Rothermel, Gregg},
	Booktitle = {Software Reliability Engineering (ISSRE), 2012 IEEE 23rd International Symposium on},
	Date-Added = {2016-05-31 15:12:41 +0000},
	Date-Modified = {2016-05-31 15:12:41 +0000},
	Organization = {IEEE},
	Pages = {311--320},
	Title = {Oracle-centric test case prioritization},
	Year = {2012}}

@inproceedings{kwon2014test,
	Author = {Kwon, Jung-Hyun and Ko, In-Young and Rothermel, Gregg and Staats, Matt},
	Booktitle = {Software Engineering Conference (APSEC), 2014 21st Asia-Pacific},
	Date-Added = {2016-05-29 20:06:22 +0000},
	Date-Modified = {2016-05-29 20:06:22 +0000},
	Organization = {IEEE},
	Pages = {19--26},
	Title = {Test Case Prioritization Based on Information Retrieval Concepts},
	Volume = {1},
	Year = {2014}}

@article{rutherford2008evaluating,
	Author = {Rutherford, Matthew J and Carzaniga, Antonio and Wolf, Alexander L},
	Date-Added = {2016-05-12 09:36:47 +0000},
	Date-Modified = {2016-05-12 09:36:47 +0000},
	Journal = {Software Engineering, IEEE Transactions on},
	Number = {4},
	Pages = {452--470},
	Publisher = {IEEE},
	Title = {Evaluating test suites and adequacy criteria using simulation-based models of distributed systems},
	Volume = {34},
	Year = {2008}}

@article{li2007practical,
	Author = {Li, Ping and Huynh, Toan and Reformat, Marek and Miller, James},
	Date-Added = {2016-05-12 09:31:36 +0000},
	Date-Modified = {2016-05-12 09:31:36 +0000},
	Journal = {Empirical Software Engineering},
	Number = {4},
	Pages = {331--357},
	Publisher = {Springer},
	Title = {A practical approach to testing GUI systems},
	Volume = {12},
	Year = {2007}}

@inproceedings{gupta2007test,
	Author = {Gupta, Atul and Jalote, Pankaj},
	Booktitle = {Empirical Software Engineering and Measurement, 2007. ESEM 2007. First International Symposium on},
	Date-Added = {2016-05-12 09:23:20 +0000},
	Date-Modified = {2016-05-12 09:23:20 +0000},
	Organization = {IEEE},
	Pages = {51--60},
	Title = {Test inspected unit or inspect unit tested code?},
	Year = {2007}}

@inproceedings{antoniol2002case,
	Author = {Antoniol, Giuliano and Briand, Lionel C and Penta, M Di and Labiche, Yvan},
	Booktitle = {Software Reliability Engineering, 2002. ISSRE 2003. Proceedings. 13th International Symposium on},
	Date-Added = {2016-05-12 09:22:43 +0000},
	Date-Modified = {2016-05-12 09:22:43 +0000},
	Organization = {IEEE},
	Pages = {269--279},
	Title = {A case study using the round-trip strategy for state-based class testing},
	Year = {2002}}

@inproceedings{arcuri2011adaptive,
	Author = {Arcuri, Andrea and Briand, Lionel},
	Booktitle = {Proceedings of the 2011 International Symposium on Software Testing and Analysis},
	Date-Added = {2016-05-10 14:45:42 +0000},
	Date-Modified = {2016-05-10 14:45:42 +0000},
	Organization = {ACM},
	Pages = {265--275},
	Title = {Adaptive random testing: An illusion of effectiveness?},
	Year = {2011}}

@inproceedings{fraser2013does,
	Author = {Fraser, Gordon and Staats, Matt and McMinn, Phil and Arcuri, Andrea and Padberg, Frank},
	Booktitle = {Proceedings of the 2013 International Symposium on Software Testing and Analysis},
	Date-Added = {2016-05-09 12:18:19 +0000},
	Date-Modified = {2016-05-09 12:18:19 +0000},
	Organization = {ACM},
	Pages = {291--301},
	Title = {Does automated white-box test generation really help software testers?},
	Year = {2013}}

@article{fraser2015assessing,
	Author = {Fraser, Gordon and Walkinshaw, Neil},
	Date-Added = {2016-05-09 11:58:17 +0000},
	Date-Modified = {2016-05-09 11:58:17 +0000},
	Journal = {Software Testing, Verification and Reliability},
	Number = {8},
	Pages = {749--780},
	Publisher = {Wiley Online Library},
	Title = {Assessing and generating test sets in terms of behavioural adequacy},
	Volume = {25},
	Year = {2015}}

@inproceedings{zhang2014search,
	Author = {Zhang, Jie and Chen, Junjie and Hao, Dan and Xiong, Yingfei and Xie, Bing and Zhang, Lu and Mei, Hong},
	Booktitle = {Proceedings of the 29th ACM/IEEE international conference on Automated software engineering},
	Date-Added = {2016-05-09 11:30:06 +0000},
	Date-Modified = {2016-05-09 11:30:06 +0000},
	Organization = {ACM},
	Pages = {701--712},
	Title = {Search-based inference of polynomial metamorphic relations},
	Year = {2014}}

@inproceedings{lou2015mutation,
	Author = {Lou, Yiling and Hao, Dan and Zhang, Lu},
	Booktitle = {Software Reliability Engineering (ISSRE), 2015 IEEE 26th International Symposium on},
	Date-Added = {2016-05-09 11:19:46 +0000},
	Date-Modified = {2016-05-09 11:19:46 +0000},
	Organization = {IEEE},
	Pages = {46--57},
	Title = {Mutation-based test-case prioritization in software evolution},
	Year = {2015}}

@inproceedings{do2008empirical,
	Author = {Do, Hyunsook and Mirarab, Siavash and Tahvildari, Ladan and Rothermel, Gregg},
	Booktitle = {Proceedings of the 16th ACM SIGSOFT International Symposium on Foundations of software engineering},
	Date-Added = {2016-04-24 21:38:06 +0000},
	Date-Modified = {2016-04-24 21:38:06 +0000},
	Organization = {ACM},
	Pages = {71--82},
	Title = {An empirical study of the effect of time constraints on the cost-benefits of regression testing},
	Year = {2008}}

@article{hong2015concurrency,
	Author = {Hong, Shin and Staats, Matt and Ahn, Jaemin and Kim, Moonzoo and Rothermel, Gregg},
	Date-Added = {2016-04-24 20:38:52 +0000},
	Date-Modified = {2016-04-24 20:38:52 +0000},
	Journal = {Software Testing, Verification and Reliability},
	Number = {4},
	Pages = {334--370},
	Publisher = {Wiley Online Library},
	Title = {Are concurrency coverage metrics effective for testing: a comprehensive empirical investigation},
	Volume = {25},
	Year = {2015}}

@article{tasiran2012location,
	Author = {Tasiran, Serdar and Keremo{\u{g}}lu, M Erkan and Mu{\c{s}}lu, Kivan{\c{c}}},
	Date-Added = {2016-04-24 20:29:18 +0000},
	Date-Modified = {2016-04-24 20:29:18 +0000},
	Journal = {Empirical Software Engineering},
	Number = {3},
	Pages = {129--165},
	Publisher = {Springer},
	Title = {Location pairs: a test coverage metric for shared-memory concurrent programs},
	Volume = {17},
	Year = {2012}}

@inproceedings{shi2015comparing,
	Author = {Shi, August and Yung, Tifany and Gyori, Alex and Marinov, Darko},
	Booktitle = {Proceedings of the 2015 10th Joint Meeting on Foundations of Software Engineering},
	Date-Added = {2016-04-24 18:19:40 +0000},
	Date-Modified = {2016-04-24 18:19:40 +0000},
	Organization = {ACM},
	Pages = {237--247},
	Title = {Comparing and combining test-suite reduction and regression test selection},
	Year = {2015}}

@inproceedings{hao2012demand,
	Author = {Hao, Dan and Zhang, Lu and Wu, Xingxia and Mei, Hong and Rothermel, Gregg},
	Booktitle = {Proceedings of the 34th International Conference on Software Engineering},
	Date-Added = {2016-04-24 18:18:12 +0000},
	Date-Modified = {2016-04-24 18:18:12 +0000},
	Organization = {IEEE Press},
	Pages = {738--748},
	Title = {On-demand test suite reduction},
	Year = {2012}}

@inproceedings{zhang2009time,
	Author = {Zhang, Lu and Hou, Shan-Shan and Guo, Chao and Xie, Tao and Mei, Hong},
	Booktitle = {Proceedings of the eighteenth international symposium on Software testing and analysis},
	Date-Added = {2016-04-24 14:40:09 +0000},
	Date-Modified = {2016-04-24 14:40:09 +0000},
	Organization = {ACM},
	Pages = {213--224},
	Title = {Time-aware test-case prioritization using integer linear programming},
	Year = {2009}}

@inproceedings{czemerinski2013behaviour,
	Author = {Czemerinski, Hernan and Braberman, Victor and Uchitel, Sebastian},
	Booktitle = {Software Testing, Verification and Validation (ICST), 2013 IEEE Sixth International Conference on},
	Date-Added = {2016-04-23 13:14:43 +0000},
	Date-Modified = {2016-04-23 13:14:43 +0000},
	Organization = {IEEE},
	Pages = {222--231},
	Title = {Behaviour abstraction coverage as black-box adequacy criteria},
	Year = {2013}}

@inproceedings{asoudeh2014multi,
	Author = {Asoudeh, Nesa and Labiche, Yvan},
	Booktitle = {Software Reliability Engineering (ISSRE), 2014 IEEE 25th International Symposium on},
	Date-Added = {2016-04-23 13:06:48 +0000},
	Date-Modified = {2016-04-23 13:06:48 +0000},
	Organization = {IEEE},
	Pages = {288--299},
	Title = {Multi-objective construction of an entire adequate test suite for an EFSM},
	Year = {2014}}

@inproceedings{khalil2010round,
	Author = {Khalil, May and Labiche, Yvan},
	Booktitle = {Software Reliability Engineering (ISSRE), 2010 IEEE 21st International Symposium on},
	Date-Added = {2016-04-23 12:39:11 +0000},
	Date-Modified = {2016-04-23 12:39:11 +0000},
	Organization = {IEEE},
	Pages = {388--397},
	Title = {On the round trip path testing strategy},
	Year = {2010}}

@inproceedings{holt2012state,
	Author = {Holt, Nina Elisabeth and Torkar, Richard and Briand, Lionel and Hansen, Karsten},
	Booktitle = {Software Reliability Engineering (ISSRE), 2012 IEEE 23rd International Symposium on},
	Date-Added = {2016-04-23 12:37:54 +0000},
	Date-Modified = {2016-04-23 12:37:54 +0000},
	Organization = {IEEE},
	Pages = {321--330},
	Title = {State-based testing: Industrial evaluation of the cost-effectiveness of round-trip path and sneak-path strategies},
	Year = {2012}}

@inproceedings{chevalley2001empirical,
	Author = {Chevalley, Philippe and Th{\'e}venod-Fosse, Pascale},
	Booktitle = {Software Reliability Engineering, 2001. ISSRE 2001. Proceedings. 12th International Symposium on},
	Date-Added = {2016-04-23 11:44:04 +0000},
	Date-Modified = {2016-04-23 11:44:04 +0000},
	Organization = {IEEE},
	Pages = {254--263},
	Title = {An empirical evaluation of statistical testing designed from UML state diagrams: the flight guidance system case study},
	Year = {2001}}

@inproceedings{briand2005improving,
	Author = {Briand, Lionel C and Labiche, Yvan and Lin, Q},
	Booktitle = {Software Reliability Engineering, 2005. ISSRE 2005. 16th IEEE International Symposium on},
	Date-Added = {2016-04-23 11:41:04 +0000},
	Date-Modified = {2016-04-23 11:41:04 +0000},
	Organization = {IEEE},
	Pages = {10--pp},
	Title = {Improving statechart testing criteria using data flow information},
	Year = {2005}}

@article{briand2004assessing,
	Author = {Briand, Lionel C and Di Penta, Massimiliano and Labiche, Yvan},
	Date-Added = {2016-04-23 11:35:08 +0000},
	Date-Modified = {2016-04-23 11:35:08 +0000},
	Journal = {Software Engineering, IEEE Transactions on},
	Number = {11},
	Pages = {770--783},
	Publisher = {IEEE},
	Title = {Assessing and improving state-based class testing: A series of experiments},
	Volume = {30},
	Year = {2004}}

@inproceedings{hofer2014does,
	Author = {Hofer, Birgit and Wotawa, Franz},
	Booktitle = {Software Reliability Engineering (ISSRE), 2014 IEEE 25th International Symposium on},
	Date-Added = {2016-04-22 14:54:04 +0000},
	Date-Modified = {2016-04-22 14:54:04 +0000},
	Organization = {IEEE},
	Pages = {112--121},
	Title = {Why does my spreadsheet compute wrong values?},
	Year = {2014}}

@article{hofer2015empirical,
	Author = {Hofer, Birgit and Perez, Alexandre and Abreu, Rui and Wotawa, Franz},
	Date-Added = {2016-04-22 14:53:26 +0000},
	Date-Modified = {2016-04-22 14:53:26 +0000},
	Journal = {Automated Software Engineering},
	Number = {1},
	Pages = {47--74},
	Publisher = {Springer},
	Title = {On the empirical evaluation of similarity coefficients for spreadsheets fault localization},
	Volume = {22},
	Year = {2015}}

@inproceedings{gonzalez2011prioritizing,
	Author = {Gonzalez-Sanchez, Alberto and Abreu, Rui and Gross, Hans-Gerhard and Van Gemund, Arjan JC},
	Booktitle = {Automated Software Engineering (ASE), 2011 26th IEEE/ACM International Conference on},
	Date-Added = {2016-04-22 14:39:15 +0000},
	Date-Modified = {2016-04-22 14:39:15 +0000},
	Organization = {IEEE},
	Pages = {83--92},
	Title = {Prioritizing tests for fault localization through ambiguity group reduction},
	Year = {2011}}

@inproceedings{androutsopoulos2014analysis,
	Author = {Androutsopoulos, Kelly and Clark, David and Dan, Haitao and Hierons, Robert M and Harman, Mark},
	Booktitle = {Proceedings of the 36th International Conference on Software Engineering},
	Date-Added = {2016-04-22 14:27:30 +0000},
	Date-Modified = {2016-04-22 14:27:30 +0000},
	Organization = {ACM},
	Pages = {573--583},
	Title = {An analysis of the relationship between conditional entropy and failed error propagation in software testing},
	Year = {2014}}

@inproceedings{wang2010correlating,
	Author = {Wang, Huai and Zhai, Ke and Tse, TH},
	Booktitle = {Quality Software (QSIC), 2010 10th International Conference on},
	Date-Added = {2016-04-22 14:13:03 +0000},
	Date-Modified = {2016-04-22 14:13:03 +0000},
	Organization = {IEEE},
	Pages = {151--160},
	Title = {Correlating context-awareness and mutation analysis for pervasive computing systems},
	Year = {2010}}

@inproceedings{rothermel1999test,
	Author = {Rothermel, Gregg and Untch, Roland H and Chu, Chengyun and Harrold, Mary Jean},
	Booktitle = {Software Maintenance, 1999.(ICSM'99) Proceedings. IEEE International Conference on},
	Date-Added = {2016-04-18 13:27:50 +0000},
	Date-Modified = {2016-04-18 13:27:50 +0000},
	Organization = {IEEE},
	Pages = {179--188},
	Title = {Test case prioritization: An empirical study},
	Year = {1999}}

@article{do2006use,
	Author = {Do, Hyunsook and Rothermel, Gregg},
	Date-Added = {2016-04-18 13:24:07 +0000},
	Date-Modified = {2016-04-18 13:24:07 +0000},
	Journal = {Software Engineering, IEEE Transactions on},
	Number = {9},
	Pages = {733--752},
	Publisher = {IEEE},
	Title = {On the use of mutation faults in empirical assessments of test case prioritization techniques},
	Volume = {32},
	Year = {2006}}

@inproceedings{do2005controlled,
	Author = {Do, Hyunsook and Rothermel, Gregg},
	Booktitle = {Software Maintenance, 2005. ICSM'05. Proceedings of the 21st IEEE International Conference on},
	Date-Added = {2016-04-18 13:21:06 +0000},
	Date-Modified = {2016-04-18 13:21:06 +0000},
	Organization = {IEEE},
	Pages = {411--420},
	Title = {A controlled experiment assessing test case prioritization techniques via mutation faults},
	Year = {2005}}

@inproceedings{hou2007applying,
	Author = {Hou, Shan-Shan and Zhang, Lu and Xie, Tao and Mei, Hong and Sun, Jia-Su},
	Booktitle = {Software Maintenance, 2007. ICSM 2007. IEEE International Conference on},
	Date-Added = {2016-04-18 13:19:39 +0000},
	Date-Modified = {2016-04-18 13:19:39 +0000},
	Organization = {IEEE},
	Pages = {174--183},
	Title = {Applying interface-contract mutation in regression testing of component-based software},
	Year = {2007}}

@article{do2010effects,
	Author = {Do, Hyunsook and Mirarab, Siavash and Tahvildari, Ladan and Rothermel, Gregg},
	Date-Added = {2016-04-18 13:02:31 +0000},
	Date-Modified = {2016-04-18 13:02:31 +0000},
	Journal = {Software Engineering, IEEE Transactions on},
	Number = {5},
	Pages = {593--617},
	Publisher = {IEEE},
	Title = {The effects of time constraints on test case prioritization: A series of controlled experiments},
	Volume = {36},
	Year = {2010}}

@article{yoo2012test,
	Author = {Yoo, Shin and Harman, Mark},
	Date-Added = {2016-04-18 12:51:22 +0000},
	Date-Modified = {2016-04-18 12:51:22 +0000},
	Journal = {Software Testing, Verification and Reliability},
	Number = {3},
	Pages = {171--201},
	Publisher = {Wiley Online Library},
	Title = {Test data regeneration: generating new test data from existing test data},
	Volume = {22},
	Year = {2012}}

@article{elbaum2002test,
	Author = {Elbaum, Sebastian and Malishevsky, Alexey G and Rothermel, Gregg},
	Date-Added = {2016-04-18 12:09:56 +0000},
	Date-Modified = {2016-04-18 12:09:56 +0000},
	Journal = {Software Engineering, IEEE Transactions on},
	Number = {2},
	Pages = {159--182},
	Publisher = {IEEE},
	Title = {Test case prioritization: A family of empirical studies},
	Volume = {28},
	Year = {2002}}

@inproceedings{lei2005minimization,
	Author = {Lei, Yong and Andrews, James H},
	Booktitle = {Software Reliability Engineering, 2005. ISSRE 2005. 16th IEEE International Symposium on},
	Date-Added = {2016-04-18 11:27:42 +0000},
	Date-Modified = {2016-04-18 11:27:42 +0000},
	Organization = {IEEE},
	Pages = {10--pp},
	Title = {Minimization of randomized unit test cases},
	Year = {2005}}

@article{duran1984evaluation,
	Author = {Duran, Joe W and Ntafos, Simeon C},
	Date-Added = {2016-04-18 10:46:30 +0000},
	Date-Modified = {2016-04-18 10:46:30 +0000},
	Journal = {Software Engineering, IEEE Transactions on},
	Number = {4},
	Pages = {438--444},
	Publisher = {IEEE},
	Title = {An evaluation of random testing},
	Year = {1984}}

@article{ntafos1984required,
	Author = {Ntafos, Simeon C},
	Date-Added = {2016-04-18 10:45:52 +0000},
	Date-Modified = {2016-04-18 10:45:52 +0000},
	Journal = {Software Engineering, IEEE Transactions on},
	Number = {6},
	Pages = {795--803},
	Publisher = {IEEE},
	Title = {On required element testing},
	Year = {1984}}

@inproceedings{ntafos1984evaluation,
	Author = {Ntafos, Simeon C},
	Booktitle = {Proceedings of the 7th international conference on Software engineering},
	Date-Added = {2016-04-15 15:37:18 +0000},
	Date-Modified = {2016-04-15 15:37:18 +0000},
	Organization = {IEEE Press},
	Pages = {250--256},
	Title = {An evaluation of required element testing strategies},
	Year = {1984}}

@article{offutt1999generating,
	Author = {Offutt, A Jefferson and Liu, Shaoying},
	Date-Added = {2016-04-15 15:36:25 +0000},
	Date-Modified = {2016-04-15 15:36:25 +0000},
	Journal = {Journal of Systems and Software},
	Number = {1},
	Pages = {49--62},
	Publisher = {Elsevier},
	Title = {Generating test data from SOFL specifications},
	Volume = {49},
	Year = {1999}}

@article{weyuker1994automatically,
	Author = {Weyuker, Elaine and Goradia, Tarak and Singh, Ashutosh},
	Date-Added = {2016-04-15 15:23:38 +0000},
	Date-Modified = {2016-04-15 15:23:38 +0000},
	Journal = {IEEE Transactions on Software Engineering},
	Number = {5},
	Pages = {353},
	Publisher = {IEEE Computer Society},
	Title = {Automatically generating test data from a Boolean specification},
	Volume = {20},
	Year = {1994}}

@inproceedings{papadakis2012using,
	Author = {Papadakis, Mike and Le Traon, Yves},
	Booktitle = {Software Testing, Verification and Validation (ICST), 2012 IEEE Fifth International Conference on},
	Date-Added = {2016-04-12 08:32:49 +0000},
	Date-Modified = {2016-04-13 11:24:49 +0000},
	Organization = {IEEE},
	Pages = {691--700},
	Title = {Using mutants to locate "unknown" faults},
	Year = {2012}}

@article{papadakis2015metallaxis,
	Author = {Papadakis, Mike and Le Traon, Yves},
	Date-Added = {2016-04-12 08:32:33 +0000},
	Date-Modified = {2016-04-12 08:32:33 +0000},
	Journal = {Software Testing, Verification and Reliability},
	Number = {5-7},
	Pages = {605--628},
	Publisher = {Wiley Online Library},
	Title = {Metallaxis-FL: mutation-based fault localization},
	Volume = {25},
	Year = {2015}}

@inproceedings{qi2013efficient,
	Author = {Qi, Yuhua and Mao, Xiaoguang and Lei, Yan},
	Booktitle = {2013 IEEE International Conference on Software Maintenance},
	Date-Added = {2016-04-12 08:32:18 +0000},
	Date-Modified = {2016-04-12 08:32:18 +0000},
	Organization = {IEEE},
	Pages = {180--189},
	Title = {Efficient automated program repair through fault-recorded testing prioritization},
	Year = {2013}}

@inproceedings{murtaza2011diagnosing,
	Author = {Murtaza, Syed Shariyar and Madhavji, Nazim and Gittens, Mechelle and Li, Zude},
	Booktitle = {Software Engineering (ICSE), 2011 33rd International Conference on},
	Date-Added = {2016-04-12 08:31:26 +0000},
	Date-Modified = {2016-04-12 08:31:26 +0000},
	Organization = {IEEE},
	Pages = {960--963},
	Title = {Diagnosing new faults using mutants and prior faults (NIER track)},
	Year = {2011}}

@inproceedings{staats2011better,
	Author = {Staats, Matt and Whalen, Michael W and Heimdahl, Mats PE},
	Booktitle = {Proceedings of the 33rd International Conference on Software Engineering},
	Date-Added = {2016-04-06 12:49:39 +0000},
	Date-Modified = {2016-04-06 12:49:39 +0000},
	Organization = {ACM},
	Pages = {892--895},
	Title = {Better testing through oracle selection (NIER track)},
	Year = {2011}}

@article{fraser2015achieving,
	Author = {Fraser, Gordon and Arcuri, Andrea},
	Date-Added = {2016-04-04 11:12:20 +0000},
	Date-Modified = {2016-04-04 11:12:20 +0000},
	Journal = {Empirical Software Engineering},
	Number = {3},
	Pages = {783--812},
	Publisher = {Springer},
	Title = {Achieving scalable mutation-based generation of whole test suites},
	Volume = {20},
	Year = {2015}}

@inproceedings{staats2012automated,
	Author = {Staats, Matt and Gay, Gregory and Heimdahl, Mats PE},
	Booktitle = {Proceedings of the 34th International Conference on Software Engineering},
	Date-Added = {2016-04-02 20:26:46 +0000},
	Date-Modified = {2016-04-02 20:26:46 +0000},
	Organization = {IEEE Press},
	Pages = {870--880},
	Title = {Automated oracle creation support, or: how I learned to stop worrying about fault propagation and love mutation testing},
	Year = {2012}}

@inproceedings{zhang2010test,
	Author = {Zhang, Lingming and Xie, Tao and Zhang, Lu and Tillmann, Nikolai and De Halleux, Jonathan and Mei, Hong},
	Booktitle = {Software Maintenance (ICSM), 2010 IEEE International Conference on},
	Date-Added = {2016-03-26 16:42:19 +0000},
	Date-Modified = {2016-03-26 16:42:19 +0000},
	Organization = {IEEE},
	Pages = {1--10},
	Title = {Test generation via dynamic symbolic execution for mutation testing},
	Year = {2010}}

@inproceedings{harman2011strong,
	Author = {Harman, Mark and Jia, Yue and Langdon, William B},
	Booktitle = {Proceedings of the 19th ACM SIGSOFT symposium and the 13th European conference on Foundations of software engineering},
	Date-Added = {2016-03-26 16:42:08 +0000},
	Date-Modified = {2016-03-26 16:42:08 +0000},
	Organization = {ACM},
	Pages = {212--222},
	Title = {Strong higher order mutation-based test data generation},
	Year = {2011}}

@inproceedings{papadakis2014sampling,
	Author = {Papadakis, Mike and Henard, Christopher and Le Traon, Yves},
	Booktitle = {Software Testing, Verification and Validation (ICST), 2014 IEEE Seventh International Conference on},
	Date-Added = {2016-03-26 16:41:56 +0000},
	Date-Modified = {2016-03-26 16:41:56 +0000},
	Organization = {IEEE},
	Pages = {1--10},
	Title = {Sampling program inputs with mutation analysis: Going beyond combinatorial interaction testing},
	Year = {2014}}

@article{rothermel2001prioritizing,
	Author = {Rothermel, Gregg and Untch, Roland H and Chu, Chengyun and Harrold, Mary Jean},
	Date-Added = {2016-03-26 16:41:39 +0000},
	Date-Modified = {2016-03-26 16:41:39 +0000},
	Journal = {Software Engineering, IEEE Transactions on},
	Number = {10},
	Pages = {929--948},
	Publisher = {IEEE},
	Title = {Prioritizing test cases for regression testing},
	Volume = {27},
	Year = {2001}}

@article{smith2009guiding,
	Author = {Smith, Ben H and Williams, Laurie},
	Date-Added = {2016-03-26 16:41:16 +0000},
	Date-Modified = {2016-03-26 16:41:16 +0000},
	Journal = {Empirical Software Engineering},
	Number = {3},
	Pages = {341--369},
	Publisher = {Springer},
	Title = {On guiding the augmentation of an automated test suite via mutation analysis},
	Volume = {14},
	Year = {2009}}

@article{papadakis2012mutation,
	Author = {Papadakis, Mike and Malevris, Nicos},
	Date-Added = {2016-03-26 16:41:08 +0000},
	Date-Modified = {2016-03-26 16:41:08 +0000},
	Journal = {Information and Software Technology},
	Number = {9},
	Pages = {915--932},
	Publisher = {Elsevier},
	Title = {Mutation based test case generation via a path selection strategy},
	Volume = {54},
	Year = {2012}}

@article{fraser2012mutation,
	Author = {Fraser, Gordon and Zeller, Andreas},
	Date-Added = {2016-03-26 16:40:55 +0000},
	Date-Modified = {2016-03-26 16:40:55 +0000},
	Journal = {Software Engineering, IEEE Transactions on},
	Number = {2},
	Pages = {278--292},
	Publisher = {IEEE},
	Title = {Mutation-driven generation of unit tests and oracles},
	Volume = {38},
	Year = {2012}}

@article{demillo1991constraint,
	Author = {DeMillo, RA and Offutt, A Jefferson},
	Date-Added = {2016-03-26 16:40:46 +0000},
	Date-Modified = {2016-07-21 11:47:20 +0000},
	Journal = {Software Engineering, IEEE Transactions on},
	Number = {9},
	Pages = {900--910},
	Publisher = {IEEE},
	Title = {Constraint-based automatic test data generation},
	Volume = {17},
	Year = {1991}}

@article{chen2002can,
	Author = {Chen, Wei and Untch, Roland H and Rothermel, Gregg and Elbaum, Sebastian and Von Ronne, Jeffery},
	Date-Added = {2016-03-26 16:40:38 +0000},
	Date-Modified = {2016-03-26 16:40:38 +0000},
	Journal = {Software Testing, Verification and Reliability},
	Number = {4},
	Pages = {197--218},
	Publisher = {Wiley Online Library},
	Title = {Can fault-exposure-potential estimates improve the fault detection abilities of test suites?},
	Volume = {12},
	Year = {2002}}

@article{papadakis2011automatically,
	Author = {Papadakis, Mike and Malevris, Nicos},
	Date-Added = {2016-03-26 16:40:27 +0000},
	Date-Modified = {2016-03-26 16:40:27 +0000},
	Journal = {Software Quality Journal},
	Number = {4},
	Pages = {691--723},
	Publisher = {Springer},
	Title = {Automatically performing weak mutation with the aid of symbolic execution, concolic testing and search-based testing},
	Volume = {19},
	Year = {2011}}

@inproceedings{papadakis2010automatic,
	Author = {Papadakis, Mike and Malevris, Nicos},
	Booktitle = {Software reliability engineering (ISSRE), 2010 IEEE 21st international symposium on},
	Date-Added = {2016-03-26 16:40:18 +0000},
	Date-Modified = {2016-03-26 16:40:18 +0000},
	Organization = {IEEE},
	Pages = {121--130},
	Title = {Automatic mutation test case generation via dynamic symbolic execution},
	Year = {2010}}

@inproceedings{jolly2012automated,
	Author = {Jolly, Shahnewaz Amin and Garousi, Vahid and Eskandar, Matt M},
	Booktitle = {Software Testing, Verification and Validation (ICST), 2012 IEEE Fifth International Conference on},
	Date-Added = {2016-03-26 16:40:09 +0000},
	Date-Modified = {2016-03-26 16:40:09 +0000},
	Organization = {IEEE},
	Pages = {400--409},
	Title = {Automated unit testing of a SCADA control software: an industrial case study based on action research},
	Year = {2012}}

@inproceedings{liu2006approach,
	Author = {Liu, Ming-Hao and Gao, You-Feng and Shan, Jin-Hui and Liu, Jiang-Hong and Zhang, Lu and Sun, Jia-Su},
	Booktitle = {Software Maintenance, 2006. ICSM 2006. IEEE International Conference on},
	Date-Added = {2016-03-26 16:39:47 +0000},
	Date-Modified = {2016-03-26 17:30:01 +0000},
	Organization = {IEEE},
	Pages = {113--122},
	Title = {An approach to test data generation for killing multiple mutants},
	Year = {2006}}

@inproceedings{mouchawrab2007assessing,
	Author = {Mouchawrab, Samar and Briand, Lionel C and Labiche, Yvan},
	Booktitle = {Empirical Software Engineering and Measurement, 2007. ESEM 2007. First International Symposium on},
	Date-Added = {2016-03-26 16:33:37 +0000},
	Date-Modified = {2016-03-26 16:33:37 +0000},
	Organization = {IEEE},
	Pages = {41--50},
	Title = {Assessing, comparing, and combining statechart-based testing and structural testing: An experiment},
	Year = {2007}}

@inproceedings{you2015efficient,
	Author = {You, Dongjiang and Rayadurgam, Sanjai and Whalen, Michael and Heimdahl, Mats PE and Gay, Gregory},
	Booktitle = {Software Reliability Engineering (ISSRE), 2015 IEEE 26th International Symposium on},
	Date-Added = {2016-03-26 16:28:52 +0000},
	Date-Modified = {2016-03-30 20:26:40 +0000},
	Title = {Efficient Observability-based Test Generation by Dynamic Symbolic Execution},
	Year = {2015}}

@article{czemerinski2015behaviour,
	Author = {Czemerinski, Hernan and Braberman, Victor and Uchitel, Sebastian},
	Date-Added = {2016-03-26 16:28:43 +0000},
	Date-Modified = {2016-03-26 16:28:43 +0000},
	Journal = {Software Testing, Verification and Reliability},
	Publisher = {Wiley Online Library},
	Title = {Behaviour abstraction adequacy criteria for API call protocol testing},
	Year = {2015}}

@inproceedings{qu2008configuration,
	Author = {Qu, Xiao and Cohen, Myra B and Rothermel, Gregg},
	Booktitle = {Proceedings of the 2008 international symposium on Software testing and analysis},
	Date-Added = {2016-03-26 16:28:34 +0000},
	Date-Modified = {2016-03-26 16:28:34 +0000},
	Organization = {ACM},
	Pages = {75--86},
	Title = {Configuration-aware regression testing: an empirical study of sampling and prioritization},
	Year = {2008}}

@inproceedings{gopinath2014code,
	Author = {Gopinath, Rahul and Jensen, Carlos and Groce, Alex},
	Booktitle = {Proceedings of the 36th International Conference on Software Engineering},
	Date-Added = {2016-03-26 16:28:25 +0000},
	Date-Modified = {2016-03-26 16:28:25 +0000},
	Organization = {ACM},
	Pages = {72--82},
	Title = {Code coverage for suite evaluation by developers},
	Year = {2014}}

@inproceedings{milani2014leveraging,
	Author = {Milani Fard, Amin and Mirzaaghaei, Mehdi and Mesbah, Ali},
	Booktitle = {Proceedings of the 29th ACM/IEEE international conference on Automated software engineering},
	Date-Added = {2016-03-26 16:28:17 +0000},
	Date-Modified = {2016-03-26 16:28:17 +0000},
	Organization = {ACM},
	Pages = {67--78},
	Title = {Leveraging existing tests in automated test generation for web applications},
	Year = {2014}}

@inproceedings{namin2009influence,
	Author = {Namin, Akbar Siami and Andrews, James H},
	Booktitle = {Proceedings of the eighteenth international symposium on Software testing and analysis},
	Date-Added = {2016-03-26 16:28:08 +0000},
	Date-Modified = {2016-03-26 16:28:08 +0000},
	Organization = {ACM},
	Pages = {57--68},
	Title = {The influence of size and coverage on test suite effectiveness},
	Year = {2009}}

@inproceedings{xuan2014test,
	Author = {Xuan, Jifeng and Monperrus, Martin},
	Booktitle = {Proceedings of the 22nd ACM SIGSOFT International Symposium on Foundations of Software Engineering},
	Date-Added = {2016-03-26 16:28:00 +0000},
	Date-Modified = {2016-03-26 16:28:00 +0000},
	Organization = {ACM},
	Pages = {52--63},
	Title = {Test case purification for improving fault localization},
	Year = {2014}}

@inproceedings{inozemtseva2014coverage,
	Author = {Inozemtseva, Laura and Holmes, Reid},
	Booktitle = {Proceedings of the 36th International Conference on Software Engineering},
	Date-Added = {2016-03-26 16:27:38 +0000},
	Date-Modified = {2016-03-26 16:27:38 +0000},
	Organization = {ACM},
	Pages = {435--445},
	Title = {Coverage is not strongly correlated with test suite effectiveness},
	Year = {2014}}

@inproceedings{gligoric2013comparing,
	Author = {Gligoric, Milos and Groce, Alex and Zhang, Chaoqiang and Sharma, Rohan and Alipour, Mohammad Amin and Marinov, Darko},
	Booktitle = {Proceedings of the 2013 International Symposium on Software Testing and Analysis},
	Date-Added = {2016-03-26 16:27:28 +0000},
	Date-Modified = {2016-03-26 16:27:28 +0000},
	Organization = {ACM},
	Pages = {302--313},
	Title = {Comparing non-adequate test suites using coverage criteria},
	Year = {2013}}

@inproceedings{shi2014balancing,
	Author = {Shi, August and Gyori, Alex and Gligoric, Milos and Zaytsev, Andrey and Marinov, Darko},
	Booktitle = {Proceedings of the 22nd ACM SIGSOFT International Symposium on Foundations of Software Engineering},
	Date-Added = {2016-03-26 16:27:17 +0000},
	Date-Modified = {2016-03-30 20:26:18 +0000},
	Organization = {ACM},
	Pages = {246--256},
	Title = {Balancing trade-offs in test-suite reduction},
	Year = {2014}}

@inproceedings{wang2015experience,
	Author = {Wang, Xiaoyin and Zhang, Lingming and Tanofsky, Philip},
	Booktitle = {Proceedings of the 2015 International Symposium on Software Testing and Analysis},
	Date-Added = {2016-03-26 16:27:05 +0000},
	Date-Modified = {2016-03-26 16:27:05 +0000},
	Organization = {ACM},
	Pages = {199--210},
	Title = {Experience report: how is dynamic symbolic execution different from manual testing? a study on KLEE},
	Year = {2015}}

@inproceedings{loyola2014dodona,
	Author = {Loyola, Pablo and Staats, Matt and Ko, In-Young and Rothermel, Gregg},
	Booktitle = {Proceedings of the 2014 International Symposium on Software Testing and Analysis},
	Date-Added = {2016-03-26 16:26:56 +0000},
	Date-Modified = {2016-03-26 16:26:56 +0000},
	Organization = {ACM},
	Pages = {193--203},
	Title = {Dodona: automated oracle data set selection},
	Year = {2014}}

@inproceedings{whalen2013observable,
	Author = {Whalen, Michael and Gay, Gregory and You, Dongjiang and Heimdahl, Mats PE and Staats, Matt},
	Booktitle = {Proceedings of the 2013 International Conference on Software Engineering},
	Date-Added = {2016-03-26 16:26:19 +0000},
	Date-Modified = {2016-03-26 16:26:19 +0000},
	Organization = {IEEE Press},
	Pages = {102--111},
	Title = {Observable modified condition/decision coverage},
	Year = {2013}}

@inproceedings{zhang2015assertions,
	Author = {Zhang, Yucheng and Mesbah, Ali},
	Booktitle = {Proceedings of the 2015 10th Joint Meeting on Foundations of Software Engineering, ESEC/FSE},
	Date-Added = {2016-03-26 16:26:08 +0000},
	Date-Modified = {2016-03-26 16:26:08 +0000},
	Pages = {214--224},
	Title = {Assertions are strongly correlated with test suite effectiveness},
	Year = {2015}}

@inproceedings{denaro2015dynamic,
	Author = {Denaro, Giovanni and Margara, Alessandro and Pezze, Mauro and Vivanti, Mattia},
	Booktitle = {Proceedings of the 37th International Conference on Software Engineering-Volume 1},
	Date-Added = {2016-03-26 16:25:56 +0000},
	Date-Modified = {2016-03-26 16:25:56 +0000},
	Organization = {IEEE Press},
	Pages = {947--958},
	Title = {Dynamic data flow testing of object oriented systems},
	Year = {2015}}

@article{fang2014similarity,
	Author = {Fang, Chunrong and Chen, Zhenyu and Wu, Kun and Zhao, Zhihong},
	Date-Added = {2016-03-26 16:25:47 +0000},
	Date-Modified = {2016-03-26 16:25:47 +0000},
	Journal = {Software Quality Journal},
	Number = {2},
	Pages = {335--361},
	Publisher = {Springer},
	Title = {Similarity-based test case prioritization using ordered sequences of program entities},
	Volume = {22},
	Year = {2014}}

@article{hennessy2008analysing,
	Author = {Hennessy, Mark and Power, James F},
	Date-Added = {2016-03-26 16:25:35 +0000},
	Date-Modified = {2016-03-26 16:25:35 +0000},
	Journal = {Empirical Software Engineering},
	Number = {4},
	Pages = {343--368},
	Publisher = {Springer},
	Title = {Analysing the effectiveness of rule-coverage as a reduction criterion for test suites of grammar-based software},
	Volume = {13},
	Year = {2008}}

@article{hao2014unified,
	Author = {Hao, Dan and Zhang, Lingming and Zhang, Lu and Rothermel, Gregg and Mei, Hong},
	Date-Added = {2016-03-26 16:25:25 +0000},
	Date-Modified = {2016-03-26 16:25:25 +0000},
	Journal = {ACM Transactions on Software Engineering and Methodology (TOSEM)},
	Number = {2},
	Pages = {10},
	Publisher = {ACM},
	Title = {A unified test case prioritization approach},
	Volume = {24},
	Year = {2014}}

@article{kim2001investigating,
	Author = {Kim, Sun-Woo and Clark, John A and McDermid, John A},
	Date-Added = {2016-03-26 16:25:17 +0000},
	Date-Modified = {2016-03-26 16:25:17 +0000},
	Journal = {Software Testing, Verification and Reliability},
	Number = {4},
	Pages = {207--225},
	Publisher = {Wiley Online Library},
	Title = {Investigating the effectiveness of object-oriented testing strategies using the mutation method},
	Volume = {11},
	Year = {2001}}

@article{zhou2011jdama,
	Author = {Zhou, Chixiang and Frankl, Phyllis},
	Date-Added = {2016-03-26 16:25:07 +0000},
	Date-Modified = {2016-03-26 16:25:07 +0000},
	Journal = {Software Testing, Verification and Reliability},
	Number = {3},
	Pages = {241--263},
	Publisher = {Wiley Online Library},
	Title = {JDAMA: Java database application mutation analyser},
	Volume = {21},
	Year = {2011}}

@article{tuya2010full,
	Author = {Tuya, Javier and Su{\'a}rez-Cabal, Mar{\'\i}a Jos{\'e} and De La Riva, Claudio},
	Date-Added = {2016-03-26 16:24:57 +0000},
	Date-Modified = {2016-03-26 16:24:57 +0000},
	Journal = {Software Testing, Verification and Reliability},
	Number = {3},
	Pages = {237--288},
	Publisher = {Wiley Online Library},
	Title = {Full predicate coverage for testing SQL database queries},
	Volume = {20},
	Year = {2010}}

@inproceedings{briand2004using,
	Author = {Briand, Lionel C and Labiche, Yvan and Wang, Yihong},
	Booktitle = {Proceedings of the 26th International Conference on Software Engineering},
	Date-Added = {2016-03-26 16:24:48 +0000},
	Date-Modified = {2016-03-26 16:24:48 +0000},
	Organization = {IEEE Computer Society},
	Pages = {86--95},
	Title = {Using simulation to empirically investigate test coverage criteria based on statechart},
	Year = {2004}}

@article{shi2015measuring,
	Author = {Shi, Qingkai and Chen, Zhenyu and Fang, Chunrong and Feng, Yang and Xu, Baowen},
	Date-Added = {2016-03-26 16:24:30 +0000},
	Date-Modified = {2016-03-26 20:50:14 +0000},
	Journal = {IEEE Transactions on Reliability},
	Number = {1},
	Pages = {19-27},
	Publisher = {IEEE},
	Title = {Measuring the Diversity of a Test Set With Distance Entropy},
	Volume = {65},
	Year = {2015}}

@article{gay2015risks,
	Author = {Gay, Gregory and Staats, Matt and Whalen, Michael and Heimdahl, Mats PE},
	Date-Added = {2016-03-26 16:11:07 +0000},
	Date-Modified = {2016-03-26 16:11:07 +0000},
	Journal = {Software Engineering, IEEE Transactions on},
	Number = {8},
	Pages = {803--819},
	Publisher = {IEEE},
	Title = {The risks of coverage-directed test case generation},
	Volume = {41},
	Year = {2015}}

@inproceedings{kracht2014empirically,
	Author = {Kracht, Jeshua S and Petrovic, Jacob Z and Walcott-Justice, Kristen R},
	Booktitle = {Quality Software (QSIC), 2014 14th International Conference on},
	Date-Added = {2016-03-26 16:10:54 +0000},
	Date-Modified = {2016-03-26 16:10:54 +0000},
	Organization = {IEEE},
	Pages = {256--265},
	Title = {Empirically evaluating the quality of automatically generated and manually written test suites},
	Year = {2014}}

@inproceedings{vivanti2013search,
	Author = {Vivanti, Mattia and Mis, Andre and Gorla, Alessandra and Fraser, Gordon},
	Booktitle = {Software Reliability Engineering (ISSRE), 2013 IEEE 24th International Symposium on},
	Date-Added = {2016-03-26 16:10:39 +0000},
	Date-Modified = {2016-03-26 16:10:39 +0000},
	Organization = {IEEE},
	Pages = {370--379},
	Title = {Search-based data-flow test generation},
	Year = {2013}}

@inproceedings{zhang2013bridging,
	Author = {Zhang, Lingming and Hao, Dan and Zhang, Lu and Rothermel, Gregg and Mei, Hong},
	Booktitle = {Software Engineering (ICSE), 2013 35th International Conference on},
	Date-Added = {2016-03-26 16:10:08 +0000},
	Date-Modified = {2016-03-26 16:10:08 +0000},
	Organization = {IEEE},
	Pages = {192--201},
	Title = {Bridging the gap between the total and additional test-case prioritization strategies},
	Year = {2013}}

@inproceedings{hong2013impact,
	Author = {Hong, Shin and Staats, Matt and Ahn, Jeongseob and Kim, Moonzoo and Rothermel, Gregg},
	Booktitle = {Software Testing, Verification and Validation (ICST), 2013 IEEE Sixth International Conference on},
	Date-Added = {2016-03-26 16:09:29 +0000},
	Date-Modified = {2016-03-26 16:09:29 +0000},
	Organization = {IEEE},
	Pages = {232--241},
	Title = {The impact of concurrent coverage metrics on testing effectiveness},
	Year = {2013}}

@inproceedings{qu2012configuration,
	Author = {Qu, Xiao and Acharya, Mithun and Robinson, Brian},
	Booktitle = {Software Maintenance (ICSM), 2012 28th IEEE International Conference on},
	Date-Added = {2016-03-26 16:07:31 +0000},
	Date-Modified = {2016-03-26 16:07:31 +0000},
	Organization = {IEEE},
	Pages = {129--138},
	Title = {Configuration selection using code change impact analysis for regression testing},
	Year = {2012}}

@inproceedings{zhang2011empirical,
	Author = {Zhang, Lingming and Marinov, Darko and Zhang, Lu and Khurshid, Sarfraz},
	Booktitle = {Software Reliability Engineering (ISSRE), 2011 IEEE 22nd International Symposium on},
	Date-Added = {2016-03-26 16:03:30 +0000},
	Date-Modified = {2016-03-26 16:03:30 +0000},
	Organization = {IEEE},
	Pages = {170--179},
	Title = {An empirical study of junit test-suite reduction},
	Year = {2011}}

@article{mouchawrab2011assessing,
	Author = {Mouchawrab, Samar and Briand, Lionel C and Labiche, Yvan and Di Penta, Massimiliano},
	Date-Added = {2016-03-26 15:53:48 +0000},
	Date-Modified = {2016-03-26 15:53:48 +0000},
	Journal = {Software Engineering, IEEE Transactions on},
	Number = {2},
	Pages = {161--187},
	Publisher = {IEEE},
	Title = {Assessing, comparing, and combining state machine-based testing and structural testing: a series of experiments},
	Volume = {37},
	Year = {2011}}

@inproceedings{wang2009taming,
	Author = {Wang, Xinming and Cheung, Shing-Chi and Chan, Wing Kwong and Zhang, Zhenyu},
	Booktitle = {Proceedings of the 31st International Conference on Software Engineering},
	Date-Added = {2016-03-26 15:43:02 +0000},
	Date-Modified = {2016-03-26 15:43:02 +0000},
	Organization = {IEEE Computer Society},
	Pages = {45--55},
	Title = {Taming coincidental correctness: Coverage refinement with context patterns to improve fault localization},
	Year = {2009}}

@inproceedings{qu2007combinatorial,
	Author = {Qu, Xiao and Cohen, Myra B and Woolf, Katherine M},
	Booktitle = {Software Maintenance, 2007. ICSM 2007. IEEE International Conference on},
	Date-Added = {2016-03-26 15:26:44 +0000},
	Date-Modified = {2016-03-26 15:26:44 +0000},
	Organization = {IEEE},
	Pages = {255--264},
	Title = {Combinatorial interaction regression testing: A study of test case generation and prioritization},
	Year = {2007}}

@article{andrews2003general,
	Author = {Andrews, James H and Zhang, Yingjun},
	Date-Added = {2016-03-26 15:23:17 +0000},
	Date-Modified = {2016-03-26 15:23:17 +0000},
	Journal = {Software Engineering, IEEE Transactions on},
	Number = {7},
	Pages = {634--648},
	Publisher = {IEEE},
	Title = {General test result checking with log file analysis},
	Volume = {29},
	Year = {2003}}

@article{andrews2006using,
	Author = {Andrews, James H and Briand, Lionel C and Labiche, Yvan and Namin, Akbar Siami},
	Date-Added = {2016-03-26 15:23:17 +0000},
	Date-Modified = {2016-03-26 15:23:17 +0000},
	Journal = {Software Engineering, IEEE Transactions on},
	Number = {8},
	Pages = {608--624},
	Publisher = {IEEE},
	Title = {Using mutation analysis for assessing and comparing testing coverage criteria},
	Volume = {32},
	Year = {2006}}
