%% This BibTeX bibliography file was created using BibDesk.
%% http://bibdesk.sourceforge.net/

%% Created for ZhuQianqian at 2016-06-19 21:47:19 +0200 


%% Saved with string encoding Unicode (UTF-8) 



@article{Aichernig2015716,
	Author = {Aichernig, B.K. and Brandl, H. and J{\"o}bstl, E. and Krenn, W. and Schlick, R. and Tiran, S.},
	Document_Type = {Article},
	Doi = {10.1002/stvr.1522},
	Journal = {Software Testing Verification and Reliability},
	Note = {cited By 1},
	Number = {8},
	Pages = {716-748},
	Source = {Scopus},
	Title = {Killing strategies for model-based mutation testing},
	Url = {https://www.scopus.com/inward/record.uri?eid=2-s2.0-84955634486&partnerID=40&md5=921e15ed3a6819a6f0b7da5aca3c1f26},
	Volume = {25},
	Year = {2015},
	Bdsk-Url-1 = {https://www.scopus.com/inward/record.uri?eid=2-s2.0-84955634486&partnerID=40&md5=921e15ed3a6819a6f0b7da5aca3c1f26},
	Bdsk-Url-2 = {http://dx.doi.org/10.1002/stvr.1522}}

@article{McMinn2015,
	Art_Number = {8},
	Author = {McMinn, P. and Wright, C.J. and Kapfhammer, G.M.},
	Document_Type = {Article},
	Doi = {10.1145/2818639},
	Journal = {ACM Transactions on Software Engineering and Methodology},
	Note = {cited By 0},
	Number = {1},
	Source = {Scopus},
	Title = {The effectiveness of test coverage criteria for relational database schema integrity constraints},
	Url = {https://www.scopus.com/inward/record.uri?eid=2-s2.0-84951980271&partnerID=40&md5=382187460d00b5fe457de86973c8adbe},
	Volume = {25},
	Year = {2015},
	Bdsk-Url-1 = {https://www.scopus.com/inward/record.uri?eid=2-s2.0-84951980271&partnerID=40&md5=382187460d00b5fe457de86973c8adbe},
	Bdsk-Url-2 = {http://dx.doi.org/10.1145/2818639}}

@article{Gay20151119,
	Art_Number = {7112189},
	Author = {Gay, G. and Staats, M. and Whalen, M. and Heimdahl, M.P.E.},
	Document_Type = {Article},
	Doi = {10.1109/TSE.2015.2436920},
	Journal = {IEEE Transactions on Software Engineering},
	Note = {cited By 1},
	Number = {11},
	Pages = {1119-1137},
	Source = {Scopus},
	Title = {Automated Oracle Data Selection Support},
	Url = {https://www.scopus.com/inward/record.uri?eid=2-s2.0-84961848645&partnerID=40&md5=137f05950421014b84df20ef16c26e84},
	Volume = {41},
	Year = {2015},
	Bdsk-Url-1 = {https://www.scopus.com/inward/record.uri?eid=2-s2.0-84961848645&partnerID=40&md5=137f05950421014b84df20ef16c26e84},
	Bdsk-Url-2 = {http://dx.doi.org/10.1109/TSE.2015.2436920}}

@article{Fraser2015783,
	Author = {Fraser, G. and Arcuri, A.},
	Document_Type = {Article},
	Doi = {10.1007/s10664-013-9299-z},
	Journal = {Empirical Software Engineering},
	Note = {cited By 2},
	Number = {3},
	Pages = {783-812},
	Source = {Scopus},
	Title = {Achieving scalable mutation-based generation of whole test suites},
	Url = {https://www.scopus.com/inward/record.uri?eid=2-s2.0-84929522239&partnerID=40&md5=1fba2ea77e85feba985bab01405a3616},
	Volume = {20},
	Year = {2015},
	Bdsk-Url-1 = {https://www.scopus.com/inward/record.uri?eid=2-s2.0-84929522239&partnerID=40&md5=1fba2ea77e85feba985bab01405a3616},
	Bdsk-Url-2 = {http://dx.doi.org/10.1007/s10664-013-9299-z}}

@article{Mirshokraie2015429,
	Art_Number = {6960094},
	Author = {Mirshokraie, S. and Mesbah, A. and Pattabiraman, K.},
	Document_Type = {Article},
	Doi = {10.1109/TSE.2014.2371458},
	Journal = {IEEE Transactions on Software Engineering},
	Note = {cited By 1},
	Number = {5},
	Pages = {429-444},
	Source = {Scopus},
	Title = {Guided mutation testing for JavaScript web applications},
	Url = {https://www.scopus.com/inward/record.uri?eid=2-s2.0-84929305287&partnerID=40&md5=017d9c171e82e8b3cd40e9955b2c0aaa},
	Volume = {41},
	Year = {2015},
	Bdsk-Url-1 = {https://www.scopus.com/inward/record.uri?eid=2-s2.0-84929305287&partnerID=40&md5=017d9c171e82e8b3cd40e9955b2c0aaa},
	Bdsk-Url-2 = {http://dx.doi.org/10.1109/TSE.2014.2371458}}

@article{Belli2015113,
	Art_Number = {6915728},
	Author = {Belli, F. and Beyazit, M.},
	Document_Type = {Article},
	Doi = {10.1109/TSE.2014.2360690},
	Journal = {IEEE Transactions on Software Engineering},
	Note = {cited By 0},
	Number = {2},
	Pages = {113-134},
	Source = {Scopus},
	Title = {Exploiting model morphology for event-based testing},
	Url = {https://www.scopus.com/inward/record.uri?eid=2-s2.0-84923068858&partnerID=40&md5=0ae9d99a0a3b1a11310e6271cd898c70},
	Volume = {41},
	Year = {2015},
	Bdsk-Url-1 = {https://www.scopus.com/inward/record.uri?eid=2-s2.0-84923068858&partnerID=40&md5=0ae9d99a0a3b1a11310e6271cd898c70},
	Bdsk-Url-2 = {http://dx.doi.org/10.1109/TSE.2014.2360690}}

@conference{Tiran2015,
	Art_Number = {7102614},
	Author = {Tiran, S.},
	Document_Type = {Conference Paper},
	Doi = {10.1109/ICST.2015.7102614},
	Journal = {2015 IEEE 8th International Conference on Software Testing, Verification and Validation, ICST 2015 - Proceedings},
	Note = {cited By 0},
	Source = {Scopus},
	Title = {Incremental model-based mutation testing},
	Url = {https://www.scopus.com/inward/record.uri?eid=2-s2.0-84935059843&partnerID=40&md5=2cf105f5b4cc3c2d91efa5e9a15a751e},
	Year = {2015},
	Bdsk-Url-1 = {https://www.scopus.com/inward/record.uri?eid=2-s2.0-84935059843&partnerID=40&md5=2cf105f5b4cc3c2d91efa5e9a15a751e},
	Bdsk-Url-2 = {http://dx.doi.org/10.1109/ICST.2015.7102614}}

@conference{Lorber2015,
	Art_Number = {7102615},
	Author = {Lorber, F.},
	Document_Type = {Conference Paper},
	Doi = {10.1109/ICST.2015.7102615},
	Journal = {2015 IEEE 8th International Conference on Software Testing, Verification and Validation, ICST 2015 - Proceedings},
	Note = {cited By 0},
	Source = {Scopus},
	Title = {Model-based mutation testing of synchronous and asynchronous real-time systems},
	Url = {https://www.scopus.com/inward/record.uri?eid=2-s2.0-84935109143&partnerID=40&md5=d91cf515c2597a76cb876045b78a84d7},
	Year = {2015},
	Bdsk-Url-1 = {https://www.scopus.com/inward/record.uri?eid=2-s2.0-84935109143&partnerID=40&md5=d91cf515c2597a76cb876045b78a84d7},
	Bdsk-Url-2 = {http://dx.doi.org/10.1109/ICST.2015.7102615}}

@article{Arcaini2015629,
	Author = {Arcaini, P. and Gargantini, A. and Riccobene, E.},
	Document_Type = {Article},
	Doi = {10.1002/stvr.1530},
	Journal = {Software Testing Verification and Reliability},
	Note = {cited By 0},
	Number = {5-7},
	Pages = {629-652},
	Source = {Scopus},
	Title = {Using mutation to assess fault detection capability of model review},
	Url = {https://www.scopus.com/inward/record.uri?eid=2-s2.0-84939566782&partnerID=40&md5=aee3d92ec03db76964b8a4e0d3234b2c},
	Volume = {25},
	Year = {2015},
	Bdsk-Url-1 = {https://www.scopus.com/inward/record.uri?eid=2-s2.0-84939566782&partnerID=40&md5=aee3d92ec03db76964b8a4e0d3234b2c},
	Bdsk-Url-2 = {http://dx.doi.org/10.1002/stvr.1530}}

@conference{Bardin2015,
	Art_Number = {7102607},
	Author = {Bardin, S. and Delahaye, M. and David, R. and Kosmatov, N. and Papadakis, M. and Le Traon, Y. and Marion, J.-Y.},
	Document_Type = {Conference Paper},
	Doi = {10.1109/ICST.2015.7102607},
	Journal = {2015 IEEE 8th International Conference on Software Testing, Verification and Validation, ICST 2015 - Proceedings},
	Note = {cited By 0},
	Source = {Scopus},
	Title = {Sound and quasi-complete detection of infeasible test requirements},
	Url = {https://www.scopus.com/inward/record.uri?eid=2-s2.0-84935054170&partnerID=40&md5=09f5c9e65ffa9dc3c1d07e7b1ba8dd05},
	Year = {2015},
	Bdsk-Url-1 = {https://www.scopus.com/inward/record.uri?eid=2-s2.0-84935054170&partnerID=40&md5=09f5c9e65ffa9dc3c1d07e7b1ba8dd05},
	Bdsk-Url-2 = {http://dx.doi.org/10.1109/ICST.2015.7102607}}

@article{Dadeau2015684,
	Author = {Dadeau, F. and H{\'e}am, P.-C. and Kheddam, R. and Maatoug, G. and Rusinowitch, M.},
	Document_Type = {Conference Paper},
	Doi = {10.1002/stvr.1531},
	Journal = {Software Testing Verification and Reliability},
	Note = {cited By 0},
	Number = {5-7},
	Pages = {684-711},
	Source = {Scopus},
	Title = {Model-based mutation testing from security protocols in HLPSL},
	Url = {https://www.scopus.com/inward/record.uri?eid=2-s2.0-84939570026&partnerID=40&md5=9d5f42ca27c1e48c65d0a775990f6f8f},
	Volume = {25},
	Year = {2015},
	Bdsk-Url-1 = {https://www.scopus.com/inward/record.uri?eid=2-s2.0-84939570026&partnerID=40&md5=9d5f42ca27c1e48c65d0a775990f6f8f},
	Bdsk-Url-2 = {http://dx.doi.org/10.1002/stvr.1531}}

@article{Papadakis2015605,
	Author = {Papadakis, M. and Le Traon, Y.},
	Document_Type = {Article},
	Doi = {10.1002/stvr.1509},
	Journal = {Software Testing Verification and Reliability},
	Note = {cited By 1},
	Number = {5-7},
	Pages = {605-628},
	Source = {Scopus},
	Title = {Metallaxis-FL: Mutation-based fault localization},
	Url = {https://www.scopus.com/inward/record.uri?eid=2-s2.0-84939572354&partnerID=40&md5=ce0c8060a657106c741cfdb6ce382f2e},
	Volume = {25},
	Year = {2015},
	Bdsk-Url-1 = {https://www.scopus.com/inward/record.uri?eid=2-s2.0-84939572354&partnerID=40&md5=ce0c8060a657106c741cfdb6ce382f2e},
	Bdsk-Url-2 = {http://dx.doi.org/10.1002/stvr.1509}}

@article{Patrick2015328,
	Author = {Patrick, M. and Alexander, R. and Oriol, M. and Clark, J.A.},
	Document_Type = {Conference Paper},
	Doi = {10.1016/j.jss.2014.11.033},
	Journal = {Journal of Systems and Software},
	Note = {cited By 0},
	Pages = {328-342},
	Source = {Scopus},
	Title = {Subdomain-based test data generation},
	Url = {https://www.scopus.com/inward/record.uri?eid=2-s2.0-84924961397&partnerID=40&md5=b3e4750bdde355cb00b4fb64c950c693},
	Volume = {103},
	Year = {2015},
	Bdsk-Url-1 = {https://www.scopus.com/inward/record.uri?eid=2-s2.0-84924961397&partnerID=40&md5=b3e4750bdde355cb00b4fb64c950c693},
	Bdsk-Url-2 = {http://dx.doi.org/10.1016/j.jss.2014.11.033}}

@conference{DiNardo2015,
	Art_Number = {7102589},
	Author = {Di Nardo, D. and Pastore, F. and Briand, L.},
	Document_Type = {Conference Paper},
	Doi = {10.1109/ICST.2015.7102589},
	Journal = {2015 IEEE 8th International Conference on Software Testing, Verification and Validation, ICST 2015 - Proceedings},
	Note = {cited By 0},
	Source = {Scopus},
	Title = {Generating complex and faulty test data through model-based mutation analysis},
	Url = {https://www.scopus.com/inward/record.uri?eid=2-s2.0-84935067767&partnerID=40&md5=4a59d87b733c3252552dd1748c6853bb},
	Year = {2015},
	Bdsk-Url-1 = {https://www.scopus.com/inward/record.uri?eid=2-s2.0-84935067767&partnerID=40&md5=4a59d87b733c3252552dd1748c6853bb},
	Bdsk-Url-2 = {http://dx.doi.org/10.1109/ICST.2015.7102589}}

@conference{Mirshokraie2014453,
	Author = {Mirshokraie, S.},
	Document_Type = {Conference Paper},
	Journal = {2014 International Symposium on Software Testing and Analysis, ISSTA 2014 - Proceedings},
	Note = {cited By 0},
	Pages = {453-456},
	Source = {Scopus},
	Title = {Effective test generation and adequacy assessment for javascript-based web applications},
	Url = {https://www.scopus.com/inward/record.uri?eid=2-s2.0-84942791192&partnerID=40&md5=9b4a42d65ed68ee1a258477cf6ce8b4f},
	Year = {2014},
	Bdsk-Url-1 = {https://www.scopus.com/inward/record.uri?eid=2-s2.0-84942791192&partnerID=40&md5=9b4a42d65ed68ee1a258477cf6ce8b4f}}

@conference{Edwards2014354,
	Author = {Edwards, S.H. and Shams, Z.},
	Document_Type = {Conference Paper},
	Doi = {10.1145/2591062.2591164},
	Journal = {36th International Conference on Software Engineering, ICSE Companion 2014 - Proceedings},
	Note = {cited By 2},
	Pages = {354-363},
	Source = {Scopus},
	Title = {Comparing test quality measures for assessing student-written tests},
	Url = {https://www.scopus.com/inward/record.uri?eid=2-s2.0-84903626139&partnerID=40&md5=24ec67a49f3f95a09ddc0e0cb0c8f17a},
	Year = {2014},
	Bdsk-Url-1 = {https://www.scopus.com/inward/record.uri?eid=2-s2.0-84903626139&partnerID=40&md5=24ec67a49f3f95a09ddc0e0cb0c8f17a},
	Bdsk-Url-2 = {http://dx.doi.org/10.1145/2591062.2591164}}

@conference{Papadakis20141,
	Art_Number = {6823860},
	Author = {Papadakis, M. and Henard, C. and Le Traon, Y.},
	Document_Type = {Conference Paper},
	Doi = {10.1109/ICST.2014.11},
	Journal = {Proceedings - IEEE 7th International Conference on Software Testing, Verification and Validation, ICST 2014},
	Note = {cited By 7},
	Pages = {1-10},
	Source = {Scopus},
	Title = {Sampling program inputs with mutation analysis: Going beyond combinatorial interaction testing},
	Url = {https://www.scopus.com/inward/record.uri?eid=2-s2.0-84903159696&partnerID=40&md5=9efadb8b02e4944ec16c2fc4e5abd7ee},
	Year = {2014},
	Bdsk-Url-1 = {https://www.scopus.com/inward/record.uri?eid=2-s2.0-84903159696&partnerID=40&md5=9efadb8b02e4944ec16c2fc4e5abd7ee},
	Bdsk-Url-2 = {http://dx.doi.org/10.1109/ICST.2014.11}}

@conference{Stephan2014633,
	Art_Number = {6976157},
	Author = {Stephan, M.},
	Document_Type = {Conference Paper},
	Doi = {10.1109/ICSME.2014.113},
	Journal = {Proceedings - 30th International Conference on Software Maintenance and Evolution, ICSME 2014},
	Note = {cited By 2},
	Pages = {633-638},
	Source = {Scopus},
	Title = {Model clone detector evaluation using mutation analysis},
	Url = {https://www.scopus.com/inward/record.uri?eid=2-s2.0-84931088518&partnerID=40&md5=45a929f52282761635e49ea1bce5ce4e},
	Year = {2014},
	Bdsk-Url-1 = {https://www.scopus.com/inward/record.uri?eid=2-s2.0-84931088518&partnerID=40&md5=45a929f52282761635e49ea1bce5ce4e},
	Bdsk-Url-2 = {http://dx.doi.org/10.1109/ICSME.2014.113}}

@conference{Moon2014153,
	Art_Number = {6823877},
	Author = {Moon, S. and Kim, Y. and Kim, M. and Yoo, S.},
	Document_Type = {Conference Paper},
	Doi = {10.1109/ICST.2014.28},
	Journal = {Proceedings - IEEE 7th International Conference on Software Testing, Verification and Validation, ICST 2014},
	Note = {cited By 4},
	Pages = {153-162},
	Source = {Scopus},
	Title = {Ask the Mutants: Mutating faulty programs for fault localization},
	Url = {https://www.scopus.com/inward/record.uri?eid=2-s2.0-84903134795&partnerID=40&md5=147c9e8d33297aad257e390a6da3b531},
	Year = {2014},
	Bdsk-Url-1 = {https://www.scopus.com/inward/record.uri?eid=2-s2.0-84903134795&partnerID=40&md5=147c9e8d33297aad257e390a6da3b531},
	Bdsk-Url-2 = {http://dx.doi.org/10.1109/ICST.2014.28}}

@article{Jee2014608,
	Author = {Jee, E. and Shin, D. and Cha, S. and Lee, J.-S. and Bae, D.-H.},
	Document_Type = {Article},
	Doi = {10.1002/stvr.1548},
	Journal = {Software Testing Verification and Reliability},
	Note = {cited By 2},
	Number = {8},
	Pages = {608-628},
	Source = {Scopus},
	Title = {Automated test case generation for FBD programs implementing reactor protection system software},
	Url = {https://www.scopus.com/inward/record.uri?eid=2-s2.0-84911432036&partnerID=40&md5=6599a30bb874ea64e765866df76e12a0},
	Volume = {24},
	Year = {2014},
	Bdsk-Url-1 = {https://www.scopus.com/inward/record.uri?eid=2-s2.0-84911432036&partnerID=40&md5=6599a30bb874ea64e765866df76e12a0},
	Bdsk-Url-2 = {http://dx.doi.org/10.1002/stvr.1548}}

@conference{Rubab20141,
	Art_Number = {6958381},
	Author = {Rubab, I. and Ali, S. and Briand, L. and Traon, Y.L.},
	Document_Type = {Conference Paper},
	Doi = {10.1109/QSIC.2014.47},
	Journal = {Proceedings - International Conference on Quality Software},
	Note = {cited By 0},
	Pages = {1-10},
	Source = {Scopus},
	Title = {Model-based testing of obligations},
	Url = {https://www.scopus.com/inward/record.uri?eid=2-s2.0-84912074657&partnerID=40&md5=f4dfe4a9acd124607bdf84c3b2da8e66},
	Year = {2014},
	Bdsk-Url-1 = {https://www.scopus.com/inward/record.uri?eid=2-s2.0-84912074657&partnerID=40&md5=f4dfe4a9acd124607bdf84c3b2da8e66},
	Bdsk-Url-2 = {http://dx.doi.org/10.1109/QSIC.2014.47}}

@conference{Kanewala20131,
	Art_Number = {6698899},
	Author = {Kanewala, U. and Bieman, J.M.},
	Document_Type = {Conference Paper},
	Doi = {10.1109/ISSRE.2013.6698899},
	Journal = {2013 IEEE 24th International Symposium on Software Reliability Engineering, ISSRE 2013},
	Note = {cited By 5},
	Pages = {1-10},
	Source = {Scopus},
	Title = {Using machine learning techniques to detect metamorphic relations for programs without test oracles},
	Url = {https://www.scopus.com/inward/record.uri?eid=2-s2.0-84893326644&partnerID=40&md5=a58b9cbaa3e9a732d4fa1ce3db2460f2},
	Year = {2013},
	Bdsk-Url-1 = {https://www.scopus.com/inward/record.uri?eid=2-s2.0-84893326644&partnerID=40&md5=a58b9cbaa3e9a732d4fa1ce3db2460f2},
	Bdsk-Url-2 = {http://dx.doi.org/10.1109/ISSRE.2013.6698899}}

@article{Schuler2013531,
	Author = {Schuler, D. and Zeller, A.},
	Document_Type = {Article},
	Doi = {10.1002/stvr.1497},
	Journal = {Software Testing Verification and Reliability},
	Note = {cited By 4},
	Number = {7},
	Pages = {531-551},
	Source = {Scopus},
	Title = {Checked coverage: An indicator for oracle quality},
	Url = {https://www.scopus.com/inward/record.uri?eid=2-s2.0-84885947629&partnerID=40&md5=37c735841ba484dc0aa4122869dbe55d},
	Volume = {23},
	Year = {2013},
	Bdsk-Url-1 = {https://www.scopus.com/inward/record.uri?eid=2-s2.0-84885947629&partnerID=40&md5=37c735841ba484dc0aa4122869dbe55d},
	Bdsk-Url-2 = {http://dx.doi.org/10.1002/stvr.1497}}

@conference{Stephan20131261,
	Art_Number = {6606693},
	Author = {Stephan, M. and Alafi, M.H. and Stevenson, A. and Cordy, J.R.},
	Document_Type = {Conference Paper},
	Doi = {10.1109/ICSE.2013.6606693},
	Journal = {Proceedings - International Conference on Software Engineering},
	Note = {cited By 1},
	Pages = {1261-1264},
	Source = {Scopus},
	Title = {Using mutation analysis for a model-clone detector comparison framework},
	Url = {https://www.scopus.com/inward/record.uri?eid=2-s2.0-84886444117&partnerID=40&md5=ccaebfa588636c5c5b538cc9176feaca},
	Year = {2013},
	Bdsk-Url-1 = {https://www.scopus.com/inward/record.uri?eid=2-s2.0-84886444117&partnerID=40&md5=ccaebfa588636c5c5b538cc9176feaca},
	Bdsk-Url-2 = {http://dx.doi.org/10.1109/ICSE.2013.6606693}}

@conference{Deng201384,
	Art_Number = {6569720},
	Author = {Deng, L. and Offutt, J. and Li, N.},
	Document_Type = {Conference Paper},
	Doi = {10.1109/ICST.2013.20},
	Journal = {Proceedings - IEEE 6th International Conference on Software Testing, Verification and Validation, ICST 2013},
	Note = {cited By 3},
	Pages = {84-93},
	Source = {Scopus},
	Title = {Empirical evaluation of the statement deletion mutation operator},
	Url = {https://www.scopus.com/inward/record.uri?eid=2-s2.0-84883426859&partnerID=40&md5=1798ef7cb0eeb87701062b1f8664a49c},
	Year = {2013},
	Bdsk-Url-1 = {https://www.scopus.com/inward/record.uri?eid=2-s2.0-84883426859&partnerID=40&md5=1798ef7cb0eeb87701062b1f8664a49c},
	Bdsk-Url-2 = {http://dx.doi.org/10.1109/ICST.2013.20}}

@conference{Kapfhammer201331,
	Art_Number = {6569713},
	Author = {Kapfhammer, G.M. and McMinn, P. and Wright, C.J.},
	Document_Type = {Conference Paper},
	Doi = {10.1109/ICST.2013.47},
	Journal = {Proceedings - IEEE 6th International Conference on Software Testing, Verification and Validation, ICST 2013},
	Note = {cited By 5},
	Pages = {31-40},
	Source = {Scopus},
	Title = {Search-based testing of relational schema integrity constraints across multiple database management systems},
	Url = {https://www.scopus.com/inward/record.uri?eid=2-s2.0-84883422930&partnerID=40&md5=c3ae7a95311b503efe02bfee98cfe610},
	Year = {2013},
	Bdsk-Url-1 = {https://www.scopus.com/inward/record.uri?eid=2-s2.0-84883422930&partnerID=40&md5=c3ae7a95311b503efe02bfee98cfe610},
	Bdsk-Url-2 = {http://dx.doi.org/10.1109/ICST.2013.47}}

@article{Schuler2013353,
	Author = {Schuler, D. and Zeller, A.},
	Document_Type = {Conference Paper},
	Doi = {10.1002/stvr.1473},
	Journal = {Software Testing Verification and Reliability},
	Note = {cited By 10},
	Number = {5},
	Pages = {353-374},
	Source = {Scopus},
	Title = {Covering and Uncovering Equivalent Mutants},
	Url = {https://www.scopus.com/inward/record.uri?eid=2-s2.0-84880304563&partnerID=40&md5=2cc1dc799512ce1902d1ca06036227a7},
	Volume = {23},
	Year = {2013},
	Bdsk-Url-1 = {https://www.scopus.com/inward/record.uri?eid=2-s2.0-84880304563&partnerID=40&md5=2cc1dc799512ce1902d1ca06036227a7},
	Bdsk-Url-2 = {http://dx.doi.org/10.1002/stvr.1473}}

@article{Baker2013787,
	Art_Number = {6298894},
	Author = {Baker, R. and Habli, I.},
	Document_Type = {Article},
	Doi = {10.1109/TSE.2012.56},
	Journal = {IEEE Transactions on Software Engineering},
	Note = {cited By 9},
	Number = {6},
	Pages = {787-805},
	Source = {Scopus},
	Title = {An empirical evaluation of mutation testing for improving the test quality of safety-critical software},
	Url = {https://www.scopus.com/inward/record.uri?eid=2-s2.0-84878383107&partnerID=40&md5=0f8016d556970a8ff3b38cea05655a34},
	Volume = {39},
	Year = {2013},
	Bdsk-Url-1 = {https://www.scopus.com/inward/record.uri?eid=2-s2.0-84878383107&partnerID=40&md5=0f8016d556970a8ff3b38cea05655a34},
	Bdsk-Url-2 = {http://dx.doi.org/10.1109/TSE.2012.56}}

@article{Aboutrab20131209,
	Author = {Aboutrab, M.S. and Brockway, M. and Counsell, S. and Hierons, R.M.},
	Document_Type = {Article},
	Doi = {10.1016/j.jss.2012.12.030},
	Journal = {Journal of Systems and Software},
	Note = {cited By 5},
	Number = {5},
	Pages = {1209-1223},
	Source = {Scopus},
	Title = {Testing real-time embedded systems using timed automata based approaches},
	Url = {https://www.scopus.com/inward/record.uri?eid=2-s2.0-84875258655&partnerID=40&md5=197391b1269afd181560b5a0ecd1f181},
	Volume = {86},
	Year = {2013},
	Bdsk-Url-1 = {https://www.scopus.com/inward/record.uri?eid=2-s2.0-84875258655&partnerID=40&md5=197391b1269afd181560b5a0ecd1f181},
	Bdsk-Url-2 = {http://dx.doi.org/10.1016/j.jss.2012.12.030}}

@conference{Staats2012311,
	Art_Number = {6405379},
	Author = {Staats, M. and Loyola, P. and Rothermel, G.},
	Document_Type = {Conference Paper},
	Doi = {10.1109/ISSRE.2012.13},
	Journal = {Proceedings - International Symposium on Software Reliability Engineering, ISSRE},
	Note = {cited By 9},
	Pages = {311-320},
	Source = {Scopus},
	Title = {Oracle-centric test case prioritization},
	Url = {https://www.scopus.com/inward/record.uri?eid=2-s2.0-84876366232&partnerID=40&md5=53170d83357ee4c5a8654f9757f1986b},
	Year = {2012},
	Bdsk-Url-1 = {https://www.scopus.com/inward/record.uri?eid=2-s2.0-84876366232&partnerID=40&md5=53170d83357ee4c5a8654f9757f1986b},
	Bdsk-Url-2 = {http://dx.doi.org/10.1109/ISSRE.2012.13}}

@conference{Mottu2012291,
	Art_Number = {6405377},
	Author = {Mottu, J.-M. and Sen, S. and Tisi, M. and Cabot, J.},
	Document_Type = {Conference Paper},
	Doi = {10.1109/ISSRE.2012.7},
	Journal = {Proceedings - International Symposium on Software Reliability Engineering, ISSRE},
	Note = {cited By 8},
	Pages = {291-300},
	Source = {Scopus},
	Title = {Static analysis of model transformations for effective test generation},
	Url = {https://www.scopus.com/inward/record.uri?eid=2-s2.0-84876355070&partnerID=40&md5=febe133de53284587e14e877cde20122},
	Year = {2012},
	Bdsk-Url-1 = {https://www.scopus.com/inward/record.uri?eid=2-s2.0-84876355070&partnerID=40&md5=febe133de53284587e14e877cde20122},
	Bdsk-Url-2 = {http://dx.doi.org/10.1109/ISSRE.2012.7}}

@conference{Jamrozik2012254,
	Author = {Jamrozik, K. and Fraser, G. and Tillmann, N. and De Halleux, J.},
	Document_Type = {Conference Paper},
	Doi = {10.1145/2351676.2351716},
	Journal = {2012 27th IEEE/ACM International Conference on Automated Software Engineering, ASE 2012 - Proceedings},
	Note = {cited By 8},
	Pages = {254-257},
	Source = {Scopus},
	Title = {Augmented dynamic symbolic execution},
	Url = {https://www.scopus.com/inward/record.uri?eid=2-s2.0-84866895488&partnerID=40&md5=99b92c9c8ad7e3e910f568709502834a},
	Year = {2012},
	Bdsk-Url-1 = {https://www.scopus.com/inward/record.uri?eid=2-s2.0-84866895488&partnerID=40&md5=99b92c9c8ad7e3e910f568709502834a},
	Bdsk-Url-2 = {http://dx.doi.org/10.1145/2351676.2351716}}

@article{Shahamiri2012303,
	Author = {Shahamiri, S.R. and Wan-Kadir, W.M.N. and Ibrahim, S. and Hashim, S.Z.M.},
	Document_Type = {Article},
	Doi = {10.1007/s10515-011-0094-z},
	Journal = {Automated Software Engineering},
	Note = {cited By 7},
	Number = {3},
	Pages = {303-334},
	Source = {Scopus},
	Title = {Artificial Neural Networks as multi-networks automated test oracle},
	Url = {https://www.scopus.com/inward/record.uri?eid=2-s2.0-84863642080&partnerID=40&md5=370c3c7dfc019ba5a5ff7ce2d452908b},
	Volume = {19},
	Year = {2012},
	Bdsk-Url-1 = {https://www.scopus.com/inward/record.uri?eid=2-s2.0-84863642080&partnerID=40&md5=370c3c7dfc019ba5a5ff7ce2d452908b},
	Bdsk-Url-2 = {http://dx.doi.org/10.1007/s10515-011-0094-z}}

@conference{Staats2012870,
	Art_Number = {6227132},
	Author = {Staats, M. and Gay, G. and Heimdahl, M.P.E.},
	Document_Type = {Conference Paper},
	Doi = {10.1109/ICSE.2012.6227132},
	Journal = {Proceedings - International Conference on Software Engineering},
	Note = {cited By 18},
	Pages = {870-880},
	Source = {Scopus},
	Title = {Automated oracle creation support, or: How I learned to stop worrying about fault propagation and love mutation testing},
	Url = {https://www.scopus.com/inward/record.uri?eid=2-s2.0-84864241599&partnerID=40&md5=3bdd591fd4a8f40434aafa980534c03a},
	Year = {2012},
	Bdsk-Url-1 = {https://www.scopus.com/inward/record.uri?eid=2-s2.0-84864241599&partnerID=40&md5=3bdd591fd4a8f40434aafa980534c03a},
	Bdsk-Url-2 = {http://dx.doi.org/10.1109/ICSE.2012.6227132}}

@conference{Jolly2012400,
	Art_Number = {6200132},
	Author = {Jolly, S.A. and Garousi, V. and Eskandar, M.M.},
	Document_Type = {Conference Paper},
	Doi = {10.1109/ICST.2012.120},
	Journal = {Proceedings - IEEE 5th International Conference on Software Testing, Verification and Validation, ICST 2012},
	Note = {cited By 5},
	Pages = {400-409},
	Source = {Scopus},
	Title = {Automated unit testing of a SCADA control software: An industrial case study based on action research},
	Url = {https://www.scopus.com/inward/record.uri?eid=2-s2.0-84862330838&partnerID=40&md5=34cdc0de11a365d75553725a2d4b2a45},
	Year = {2012},
	Bdsk-Url-1 = {https://www.scopus.com/inward/record.uri?eid=2-s2.0-84862330838&partnerID=40&md5=34cdc0de11a365d75553725a2d4b2a45},
	Bdsk-Url-2 = {http://dx.doi.org/10.1109/ICST.2012.120}}

@conference{Bertolino2012842,
	Art_Number = {6200197},
	Author = {Bertolino, A. and Daoudagh, S. and Lonetti, F. and Marchetti, E.},
	Document_Type = {Conference Paper},
	Doi = {10.1109/ICST.2012.185},
	Journal = {Proceedings - IEEE 5th International Conference on Software Testing, Verification and Validation, ICST 2012},
	Note = {cited By 12},
	Pages = {842-849},
	Source = {Scopus},
	Title = {Automatic XACML requests generation for policy testing},
	Url = {https://www.scopus.com/inward/record.uri?eid=2-s2.0-84862306023&partnerID=40&md5=79a77690bb3a62345cec6e27fdcb1484},
	Year = {2012},
	Bdsk-Url-1 = {https://www.scopus.com/inward/record.uri?eid=2-s2.0-84862306023&partnerID=40&md5=79a77690bb3a62345cec6e27fdcb1484},
	Bdsk-Url-2 = {http://dx.doi.org/10.1109/ICST.2012.185}}

@conference{Schieferdecker2012814,
	Art_Number = {6200192},
	Author = {Schieferdecker, I.},
	Document_Type = {Conference Paper},
	Doi = {10.1109/ICST.2012.180},
	Journal = {Proceedings - IEEE 5th International Conference on Software Testing, Verification and Validation, ICST 2012},
	Note = {cited By 1},
	Pages = {814},
	Source = {Scopus},
	Title = {Model-based fuzz testing},
	Url = {https://www.scopus.com/inward/record.uri?eid=2-s2.0-84862310176&partnerID=40&md5=43dd6ad8c9fab68f578129dba0f58809},
	Year = {2012},
	Bdsk-Url-1 = {https://www.scopus.com/inward/record.uri?eid=2-s2.0-84862310176&partnerID=40&md5=43dd6ad8c9fab68f578129dba0f58809},
	Bdsk-Url-2 = {http://dx.doi.org/10.1109/ICST.2012.180}}

@conference{Elrakaiby2012673,
	Art_Number = {6200169},
	Author = {Elrakaiby, Y. and Mouelhi, T. and Le Traon, Y.},
	Document_Type = {Conference Paper},
	Doi = {10.1109/ICST.2012.157},
	Journal = {Proceedings - IEEE 5th International Conference on Software Testing, Verification and Validation, ICST 2012},
	Note = {cited By 4},
	Pages = {673-680},
	Source = {Scopus},
	Title = {Testing obligation policy enforcement using mutation analysis},
	Url = {https://www.scopus.com/inward/record.uri?eid=2-s2.0-84862338768&partnerID=40&md5=10de73f560bcc12e52385e4115c21eed},
	Year = {2012},
	Bdsk-Url-1 = {https://www.scopus.com/inward/record.uri?eid=2-s2.0-84862338768&partnerID=40&md5=10de73f560bcc12e52385e4115c21eed},
	Bdsk-Url-2 = {http://dx.doi.org/10.1109/ICST.2012.157}}

@conference{Shelton2012878,
	Art_Number = {6200203},
	Author = {Shelton, W. and Li, N. and Ammann, P. and Offutt, J.},
	Document_Type = {Conference Paper},
	Doi = {10.1109/ICST.2012.191},
	Journal = {Proceedings - IEEE 5th International Conference on Software Testing, Verification and Validation, ICST 2012},
	Note = {cited By 2},
	Pages = {878-886},
	Source = {Scopus},
	Title = {Adding criteria-based tests to test driven development},
	Url = {https://www.scopus.com/inward/record.uri?eid=2-s2.0-84862321065&partnerID=40&md5=a0e1265a125cdd52b9f2336dc4fa18a5},
	Year = {2012},
	Bdsk-Url-1 = {https://www.scopus.com/inward/record.uri?eid=2-s2.0-84862321065&partnerID=40&md5=a0e1265a125cdd52b9f2336dc4fa18a5},
	Bdsk-Url-2 = {http://dx.doi.org/10.1109/ICST.2012.191}}

@conference{Papadakis2012691,
	Art_Number = {6200171},
	Author = {Papadakis, M. and Le Traon, Y.},
	Document_Type = {Conference Paper},
	Doi = {10.1109/ICST.2012.159},
	Journal = {Proceedings - IEEE 5th International Conference on Software Testing, Verification and Validation, ICST 2012},
	Note = {cited By 10},
	Pages = {691-700},
	Source = {Scopus},
	Title = {Using mutants to locate "unknown" faults},
	Url = {https://www.scopus.com/inward/record.uri?eid=2-s2.0-84862306511&partnerID=40&md5=05dc155815177eb3d62aab019135d68a},
	Year = {2012},
	Bdsk-Url-1 = {https://www.scopus.com/inward/record.uri?eid=2-s2.0-84862306511&partnerID=40&md5=05dc155815177eb3d62aab019135d68a},
	Bdsk-Url-2 = {http://dx.doi.org/10.1109/ICST.2012.159}}

@article{Xu2012267,
	Author = {Xu, D. and El-Ariss, O. and Xu, W. and Wang, L.},
	Document_Type = {Conference Paper},
	Doi = {10.1002/stvr.440},
	Journal = {Software Testing Verification and Reliability},
	Note = {cited By 4},
	Number = {4},
	Pages = {267-293},
	Source = {Scopus},
	Title = {Testing aspect-oriented programs with finite state machines},
	Url = {https://www.scopus.com/inward/record.uri?eid=2-s2.0-84862106269&partnerID=40&md5=63c41bb01e12baf5165e744fe6635127},
	Volume = {22},
	Year = {2012},
	Bdsk-Url-1 = {https://www.scopus.com/inward/record.uri?eid=2-s2.0-84862106269&partnerID=40&md5=63c41bb01e12baf5165e744fe6635127},
	Bdsk-Url-2 = {http://dx.doi.org/10.1002/stvr.440}}

@article{Fraser2012278,
	Art_Number = {6019060},
	Author = {Fraser, G. and Zeller, A.},
	Document_Type = {Article},
	Doi = {10.1109/TSE.2011.93},
	Journal = {IEEE Transactions on Software Engineering},
	Note = {cited By 63},
	Number = {2},
	Pages = {278-292},
	Source = {Scopus},
	Title = {Mutation-driven generation of unit tests and oracles},
	Url = {https://www.scopus.com/inward/record.uri?eid=2-s2.0-84859707325&partnerID=40&md5=c61c67ca7ac97417cc9e1d4cb7299842},
	Volume = {38},
	Year = {2012},
	Bdsk-Url-1 = {https://www.scopus.com/inward/record.uri?eid=2-s2.0-84859707325&partnerID=40&md5=c61c67ca7ac97417cc9e1d4cb7299842},
	Bdsk-Url-2 = {http://dx.doi.org/10.1109/TSE.2011.93}}

@article{Miller201233,
	Author = {Miller, T. and Strooper, P.},
	Document_Type = {Article},
	Doi = {10.1002/stvr.431},
	Journal = {Software Testing Verification and Reliability},
	Note = {cited By 7},
	Number = {1},
	Pages = {33-63},
	Source = {Scopus},
	Title = {A case study in model-based testing of specifications and implementations},
	Url = {https://www.scopus.com/inward/record.uri?eid=2-s2.0-84855246335&partnerID=40&md5=e8c14bc02017a252af19ab49f5654590},
	Volume = {22},
	Year = {2012},
	Bdsk-Url-1 = {https://www.scopus.com/inward/record.uri?eid=2-s2.0-84855246335&partnerID=40&md5=e8c14bc02017a252af19ab49f5654590},
	Bdsk-Url-2 = {http://dx.doi.org/10.1002/stvr.431}}

@article{Chae20112053,
	Author = {Chae, H.S. and Woo, G. and Kim, T.Y. and Bae, J.H. and Kim, W.-Y.},
	Document_Type = {Article},
	Doi = {10.1016/j.jss.2011.04.023},
	Journal = {Journal of Systems and Software},
	Note = {cited By 1},
	Number = {12},
	Pages = {2053-2064},
	Source = {Scopus},
	Title = {An automated approach to reducing test suites for testing retargeted C compilers for embedded systems},
	Url = {https://www.scopus.com/inward/record.uri?eid=2-s2.0-80053569502&partnerID=40&md5=6f0c45eb5aa4967f0cc535ba5675a286},
	Volume = {84},
	Year = {2011},
	Bdsk-Url-1 = {https://www.scopus.com/inward/record.uri?eid=2-s2.0-80053569502&partnerID=40&md5=6f0c45eb5aa4967f0cc535ba5675a286},
	Bdsk-Url-2 = {http://dx.doi.org/10.1016/j.jss.2011.04.023}}

@article{Delamare2011215,
	Author = {Delamare, R. and Baudry, B. and Ghosh, S. and Gupta, S. and Le Traon, Y.},
	Document_Type = {Conference Paper},
	Doi = {10.1002/stvr.458},
	Journal = {Software Testing Verification and Reliability},
	Note = {cited By 3},
	Number = {3},
	Pages = {215-239},
	Source = {Scopus},
	Title = {An approach for testing pointcut descriptors in AspectJ},
	Url = {https://www.scopus.com/inward/record.uri?eid=2-s2.0-80051909535&partnerID=40&md5=6a4e42b9ec66501ec9ed0acd0f575f47},
	Volume = {21},
	Year = {2011},
	Bdsk-Url-1 = {https://www.scopus.com/inward/record.uri?eid=2-s2.0-80051909535&partnerID=40&md5=6a4e42b9ec66501ec9ed0acd0f575f47},
	Bdsk-Url-2 = {http://dx.doi.org/10.1002/stvr.458}}

@conference{Schuler201190,
	Art_Number = {5770598},
	Author = {Schuler, D. and Zeller, A.},
	Document_Type = {Conference Paper},
	Doi = {10.1109/ICST.2011.32},
	Journal = {Proceedings - 4th IEEE International Conference on Software Testing, Verification, and Validation, ICST 2011},
	Note = {cited By 13},
	Pages = {90-99},
	Source = {Scopus},
	Title = {Assessing oracle quality with checked coverage},
	Url = {https://www.scopus.com/inward/record.uri?eid=2-s2.0-79958743339&partnerID=40&md5=bb2a8c122da71e48233c67a3a0bf69a0},
	Year = {2011},
	Bdsk-Url-1 = {https://www.scopus.com/inward/record.uri?eid=2-s2.0-79958743339&partnerID=40&md5=bb2a8c122da71e48233c67a3a0bf69a0},
	Bdsk-Url-2 = {http://dx.doi.org/10.1109/ICST.2011.32}}

@conference{Belli2011249,
	Art_Number = {5770614},
	Author = {Belli, F. and Beyazit, M. and Takagi, T. and Furukawa, Z.},
	Document_Type = {Conference Paper},
	Doi = {10.1109/ICST.2011.30},
	Journal = {Proceedings - 4th IEEE International Conference on Software Testing, Verification, and Validation, ICST 2011},
	Note = {cited By 3},
	Pages = {249-258},
	Source = {Scopus},
	Title = {Mutation testing of "go-back" functions based on pushdown automata},
	Url = {https://www.scopus.com/inward/record.uri?eid=2-s2.0-79958750249&partnerID=40&md5=c1044362ccaf1e5a4ea74875df8006f4},
	Year = {2011},
	Bdsk-Url-1 = {https://www.scopus.com/inward/record.uri?eid=2-s2.0-79958750249&partnerID=40&md5=c1044362ccaf1e5a4ea74875df8006f4},
	Bdsk-Url-2 = {http://dx.doi.org/10.1109/ICST.2011.30}}

@conference{Aichernig2011120,
	Art_Number = {5770601},
	Author = {Aichernig, B.K. and Brandl, H. and J{\"o}bstl, E. and Krenn, W.},
	Document_Type = {Conference Paper},
	Doi = {10.1109/ICST.2011.57},
	Journal = {Proceedings - 4th IEEE International Conference on Software Testing, Verification, and Validation, ICST 2011},
	Note = {cited By 14},
	Pages = {120-129},
	Source = {Scopus},
	Title = {Efficient mutation killers in action},
	Url = {https://www.scopus.com/inward/record.uri?eid=2-s2.0-79958736818&partnerID=40&md5=8535289ba2b4f85bc021c276cb22cf05},
	Year = {2011},
	Bdsk-Url-1 = {https://www.scopus.com/inward/record.uri?eid=2-s2.0-79958736818&partnerID=40&md5=8535289ba2b4f85bc021c276cb22cf05},
	Bdsk-Url-2 = {http://dx.doi.org/10.1109/ICST.2011.57}}

@conference{Lazaar2011319,
	Art_Number = {5770621},
	Author = {Lazaar, N. and Gotlieb, A. and Lebbah, Y.},
	Document_Type = {Conference Paper},
	Doi = {10.1109/ICST.2011.41},
	Journal = {Proceedings - 4th IEEE International Conference on Software Testing, Verification, and Validation, ICST 2011},
	Note = {cited By 2},
	Pages = {319-326},
	Source = {Scopus},
	Title = {A framework for the automatic correction of constraint programs},
	Url = {https://www.scopus.com/inward/record.uri?eid=2-s2.0-79958707736&partnerID=40&md5=ab332da36ff9d6c3c264fad0e8c4d76b},
	Year = {2011},
	Bdsk-Url-1 = {https://www.scopus.com/inward/record.uri?eid=2-s2.0-79958707736&partnerID=40&md5=ab332da36ff9d6c3c264fad0e8c4d76b},
	Bdsk-Url-2 = {http://dx.doi.org/10.1109/ICST.2011.41}}

@conference{Shrestha2011110,
	Art_Number = {5770600},
	Author = {Shrestha, K. and Rutherford, M.J.},
	Document_Type = {Conference Paper},
	Doi = {10.1109/ICST.2011.50},
	Journal = {Proceedings - 4th IEEE International Conference on Software Testing, Verification, and Validation, ICST 2011},
	Note = {cited By 6},
	Pages = {110-119},
	Source = {Scopus},
	Title = {An empirical evaluation of assertions as oracles},
	Url = {https://www.scopus.com/inward/record.uri?eid=2-s2.0-79958716510&partnerID=40&md5=0b7e68bbcd64ce3b0e0458ab6ba060d0},
	Year = {2011},
	Bdsk-Url-1 = {https://www.scopus.com/inward/record.uri?eid=2-s2.0-79958716510&partnerID=40&md5=0b7e68bbcd64ce3b0e0458ab6ba060d0},
	Bdsk-Url-2 = {http://dx.doi.org/10.1109/ICST.2011.50}}

@article{Xie2011544,
	Author = {Xie, X. and Ho, J.W.K. and Murphy, C. and Kaiser, G. and Xu, B. and Chen, T.Y.},
	Document_Type = {Conference Paper},
	Doi = {10.1016/j.jss.2010.11.920},
	Journal = {Journal of Systems and Software},
	Note = {cited By 25},
	Number = {4},
	Pages = {544-558},
	Source = {Scopus},
	Title = {Testing and validating machine learning classifiers by metamorphic testing},
	Url = {https://www.scopus.com/inward/record.uri?eid=2-s2.0-79751532765&partnerID=40&md5=9c5d0b1bbd93a32e96ecf03be1f343c4},
	Volume = {84},
	Year = {2011},
	Bdsk-Url-1 = {https://www.scopus.com/inward/record.uri?eid=2-s2.0-79751532765&partnerID=40&md5=9c5d0b1bbd93a32e96ecf03be1f343c4},
	Bdsk-Url-2 = {http://dx.doi.org/10.1016/j.jss.2010.11.920}}

@conference{Zhang2010,
	Art_Number = {5609672},
	Author = {Zhang, L. and Xie, T. and Zhang, L. and Tillmann, N. and De Halleux, J. and Mei, H.},
	Document_Type = {Conference Paper},
	Doi = {10.1109/ICSM.2010.5609672},
	Journal = {IEEE International Conference on Software Maintenance, ICSM},
	Note = {cited By 4},
	Source = {Scopus},
	Title = {Test generation via Dynamic Symbolic Execution for mutation testing},
	Url = {https://www.scopus.com/inward/record.uri?eid=2-s2.0-78650145373&partnerID=40&md5=9c697b445274c60de14d8b11c9af3e12},
	Year = {2010},
	Bdsk-Url-1 = {https://www.scopus.com/inward/record.uri?eid=2-s2.0-78650145373&partnerID=40&md5=9c697b445274c60de14d8b11c9af3e12},
	Bdsk-Url-2 = {http://dx.doi.org/10.1109/ICSM.2010.5609672}}

@conference{Papadakis2010121,
	Art_Number = {5635129},
	Author = {Papadakis, M. and Malevris, N.},
	Document_Type = {Conference Paper},
	Doi = {10.1109/ISSRE.2010.38},
	Journal = {Proceedings - International Symposium on Software Reliability Engineering, ISSRE},
	Note = {cited By 27},
	Pages = {121-130},
	Source = {Scopus},
	Title = {Automatic mutation test case generation via dynamic symbolic execution},
	Url = {https://www.scopus.com/inward/record.uri?eid=2-s2.0-79952035134&partnerID=40&md5=b7512f8bf61f75739e9e2c14251cdf53},
	Year = {2010},
	Bdsk-Url-1 = {https://www.scopus.com/inward/record.uri?eid=2-s2.0-79952035134&partnerID=40&md5=b7512f8bf61f75739e9e2c14251cdf53},
	Bdsk-Url-2 = {http://dx.doi.org/10.1109/ISSRE.2010.38}}

@conference{Brandl20103,
	Art_Number = {5562939},
	Author = {Brandl, H. and Weiglhofer, M. and Aichernig, B.K.},
	Document_Type = {Conference Paper},
	Doi = {10.1109/QSIC.2010.53},
	Journal = {Proceedings - International Conference on Quality Software},
	Note = {cited By 11},
	Pages = {3-12},
	Source = {Scopus},
	Title = {Automated conformance verification of hybrid systems},
	Url = {https://www.scopus.com/inward/record.uri?eid=2-s2.0-77958502604&partnerID=40&md5=7d747e0aa54e74df293bad23847f9ea9},
	Year = {2010},
	Bdsk-Url-1 = {https://www.scopus.com/inward/record.uri?eid=2-s2.0-77958502604&partnerID=40&md5=7d747e0aa54e74df293bad23847f9ea9},
	Bdsk-Url-2 = {http://dx.doi.org/10.1109/QSIC.2010.53}}

@conference{Wang2010151,
	Art_Number = {5562954},
	Author = {Wang, H. and Zhai, K. and Tse, T.H.},
	Document_Type = {Conference Paper},
	Doi = {10.1109/QSIC.2010.57},
	Journal = {Proceedings - International Conference on Quality Software},
	Note = {cited By 1},
	Pages = {151-160},
	Source = {Scopus},
	Title = {Correlating context-awareness and mutation analysis for pervasive computing systems},
	Url = {https://www.scopus.com/inward/record.uri?eid=2-s2.0-77958179258&partnerID=40&md5=01603e21116f7ce9353fc22f144a8c9f},
	Year = {2010},
	Bdsk-Url-1 = {https://www.scopus.com/inward/record.uri?eid=2-s2.0-77958179258&partnerID=40&md5=01603e21116f7ce9353fc22f144a8c9f},
	Bdsk-Url-2 = {http://dx.doi.org/10.1109/QSIC.2010.57}}

@conference{Fraser2010147,
	Author = {Fraser, G. and Zeller, A.},
	Document_Type = {Conference Paper},
	Doi = {10.1145/1831708.1831728},
	Journal = {ISSTA'10 - Proceedings of the 2010 International Symposium on Software Testing and Analysis},
	Note = {cited By 52},
	Pages = {147-157},
	Source = {Scopus},
	Title = {Mutation-driven generation of unit tests and oracles},
	Url = {https://www.scopus.com/inward/record.uri?eid=2-s2.0-77955908856&partnerID=40&md5=459138060f1828ca2e3f9382e14a1ae5},
	Year = {2010},
	Bdsk-Url-1 = {https://www.scopus.com/inward/record.uri?eid=2-s2.0-77955908856&partnerID=40&md5=459138060f1828ca2e3f9382e14a1ae5},
	Bdsk-Url-2 = {http://dx.doi.org/10.1145/1831708.1831728}}

@conference{Ferrari201051,
	Author = {Ferrari, F.C. and Nakagawa, E.Y. and Rashid, A. and Maldonado, J.C.},
	Document_Type = {Conference Paper},
	Doi = {10.1145/1808266.1808274},
	Journal = {Proceedings - International Conference on Software Engineering},
	Note = {cited By 7},
	Pages = {51-58},
	Source = {Scopus},
	Title = {Automating the mutation testing of aspect-oriented Java programs},
	Url = {https://www.scopus.com/inward/record.uri?eid=2-s2.0-77954947475&partnerID=40&md5=4272ee117aa0cb2795c38aa4cb1e6a69},
	Year = {2010},
	Bdsk-Url-1 = {https://www.scopus.com/inward/record.uri?eid=2-s2.0-77954947475&partnerID=40&md5=4272ee117aa0cb2795c38aa4cb1e6a69},
	Bdsk-Url-2 = {http://dx.doi.org/10.1145/1808266.1808274}}

@conference{Segura201035,
	Art_Number = {5477103},
	Author = {Segura, S. and Hierons, R.M. and Benavides, D. and Ruiz-Cort{\'e}s, A.},
	Document_Type = {Conference Paper},
	Doi = {10.1109/ICST.2010.20},
	Journal = {ICST 2010 - 3rd International Conference on Software Testing, Verification and Validation},
	Note = {cited By 19},
	Pages = {35-44},
	Source = {Scopus},
	Title = {Automated test data generation on the analyses of feature models: A metamorphic testing approach},
	Url = {https://www.scopus.com/inward/record.uri?eid=2-s2.0-77954511812&partnerID=40&md5=fdd53af35957a3978c683d52ba88602b},
	Year = {2010},
	Bdsk-Url-1 = {https://www.scopus.com/inward/record.uri?eid=2-s2.0-77954511812&partnerID=40&md5=fdd53af35957a3978c683d52ba88602b},
	Bdsk-Url-2 = {http://dx.doi.org/10.1109/ICST.2010.20}}

@conference{Xu2010265,
	Art_Number = {5477076},
	Author = {Xu, D. and Ding, J.},
	Document_Type = {Conference Paper},
	Doi = {10.1109/ICST.2010.14},
	Journal = {ICST 2010 - 3rd International Conference on Software Testing, Verification and Validation},
	Note = {cited By 4},
	Pages = {265-274},
	Source = {Scopus},
	Title = {Prioritizing state-based aspect tests},
	Url = {https://www.scopus.com/inward/record.uri?eid=2-s2.0-77954485203&partnerID=40&md5=44238febbb34cbaed30e0f33124d87f6},
	Year = {2010},
	Bdsk-Url-1 = {https://www.scopus.com/inward/record.uri?eid=2-s2.0-77954485203&partnerID=40&md5=44238febbb34cbaed30e0f33124d87f6},
	Bdsk-Url-2 = {http://dx.doi.org/10.1109/ICST.2010.14}}

@conference{Wang200945,
	Art_Number = {5070507},
	Author = {Wang, X. and Cheung, S.C. and Chan, W.K. and Zhang, Z.},
	Document_Type = {Conference Paper},
	Doi = {10.1109/ICSE.2009.5070507},
	Journal = {Proceedings - International Conference on Software Engineering},
	Note = {cited By 52},
	Pages = {45-55},
	Source = {Scopus},
	Title = {Taming coincidental correctness: Coverage refinement with context patterns to improve fault localization},
	Url = {https://www.scopus.com/inward/record.uri?eid=2-s2.0-69749107742&partnerID=40&md5=2858c83fb95cf0951b49bd550411695f},
	Year = {2009},
	Bdsk-Url-1 = {https://www.scopus.com/inward/record.uri?eid=2-s2.0-69749107742&partnerID=40&md5=2858c83fb95cf0951b49bd550411695f},
	Bdsk-Url-2 = {http://dx.doi.org/10.1109/ICSE.2009.5070507}}

@conference{Ali200976,
	Art_Number = {5431780},
	Author = {Ali, S. and Andrews, J.H. and Dhandapani, T. and Wang, W.},
	Document_Type = {Conference Paper},
	Doi = {10.1109/ASE.2009.89},
	Journal = {ASE2009 - 24th IEEE/ACM International Conference on Automated Software Engineering},
	Note = {cited By 24},
	Pages = {76-87},
	Source = {Scopus},
	Title = {Evaluating the accuracy of fault localization techniques},
	Url = {https://www.scopus.com/inward/record.uri?eid=2-s2.0-77952141815&partnerID=40&md5=e4236f04174e8cecdae4c01daf5cf9b1},
	Year = {2009},
	Bdsk-Url-1 = {https://www.scopus.com/inward/record.uri?eid=2-s2.0-77952141815&partnerID=40&md5=e4236f04174e8cecdae4c01daf5cf9b1},
	Bdsk-Url-2 = {http://dx.doi.org/10.1109/ASE.2009.89}}

@article{Smith20091819,
	Author = {Smith, B.H. and Williams, L.},
	Document_Type = {Article},
	Doi = {10.1016/j.jss.2009.06.031},
	Journal = {Journal of Systems and Software},
	Note = {cited By 9},
	Number = {11},
	Pages = {1819-1832},
	Source = {Scopus},
	Title = {Should software testers use mutation analysis to augment a test set?},
	Url = {https://www.scopus.com/inward/record.uri?eid=2-s2.0-71749088332&partnerID=40&md5=9307bdd254b9ed3acca42bbd91d741b9},
	Volume = {82},
	Year = {2009},
	Bdsk-Url-1 = {https://www.scopus.com/inward/record.uri?eid=2-s2.0-71749088332&partnerID=40&md5=9307bdd254b9ed3acca42bbd91d741b9},
	Bdsk-Url-2 = {http://dx.doi.org/10.1016/j.jss.2009.06.031}}

@conference{Bandyopadhyay2009121,
	Art_Number = {4815344},
	Author = {Bandyopadhyay, A. and Ghosh, S.},
	Document_Type = {Conference Paper},
	Doi = {10.1109/ICST.2009.23},
	Journal = {Proceedings - 2nd International Conference on Software Testing, Verification, and Validation, ICST 2009},
	Note = {cited By 14},
	Pages = {121-130},
	Source = {Scopus},
	Title = {Test input generation using UML sequence and state machines models},
	Url = {https://www.scopus.com/inward/record.uri?eid=2-s2.0-67650158912&partnerID=40&md5=5560d759195e4af522d6a5a80fded429},
	Year = {2009},
	Bdsk-Url-1 = {https://www.scopus.com/inward/record.uri?eid=2-s2.0-67650158912&partnerID=40&md5=5560d759195e4af522d6a5a80fded429},
	Bdsk-Url-2 = {http://dx.doi.org/10.1109/ICST.2009.23}}

@article{Smith2009341,
	Author = {Smith, B.H. and Williams, L.},
	Document_Type = {Article},
	Doi = {10.1007/s10664-008-9083-7},
	Journal = {Empirical Software Engineering},
	Note = {cited By 17},
	Number = {3},
	Pages = {341-369},
	Source = {Scopus},
	Title = {On guiding the augmentation of an automated test suite via mutation analysis},
	Url = {https://www.scopus.com/inward/record.uri?eid=2-s2.0-67650492922&partnerID=40&md5=f7d1852272fd6eaeffe4a31f5d434aa1},
	Volume = {14},
	Year = {2009},
	Bdsk-Url-1 = {https://www.scopus.com/inward/record.uri?eid=2-s2.0-67650492922&partnerID=40&md5=f7d1852272fd6eaeffe4a31f5d434aa1},
	Bdsk-Url-2 = {http://dx.doi.org/10.1007/s10664-008-9083-7}}

@conference{Pinte2008927,
	Author = {Pinte, F. and Oster, N. and Saglietti, F.},
	Document_Type = {Conference Paper},
	Doi = {10.1145/1370175.1370191},
	Journal = {Proceedings - International Conference on Software Engineering},
	Note = {cited By 4},
	Pages = {927-928},
	Source = {Scopus},
	Title = {Techniques and tools for the automatic generation of optimal test data at code, model and interface level},
	Url = {https://www.scopus.com/inward/record.uri?eid=2-s2.0-57349092137&partnerID=40&md5=65fa552be46615c6968783bcd45f43dc},
	Year = {2008},
	Bdsk-Url-1 = {https://www.scopus.com/inward/record.uri?eid=2-s2.0-57349092137&partnerID=40&md5=65fa552be46615c6968783bcd45f43dc},
	Bdsk-Url-2 = {http://dx.doi.org/10.1145/1370175.1370191}}

@conference{Pretschner2008338,
	Art_Number = {4539561},
	Author = {Pretschner, A. and Mouelhi, T. and Le Traon, Y.},
	Document_Type = {Conference Paper},
	Doi = {10.1109/ICST.2008.44},
	Journal = {Proceedings of the 1st International Conference on Software Testing, Verification and Validation, ICST 2008},
	Note = {cited By 28},
	Pages = {338-347},
	Source = {Scopus},
	Title = {Model-based tests for access control policies 1},
	Url = {https://www.scopus.com/inward/record.uri?eid=2-s2.0-50649102597&partnerID=40&md5=8fe2482b666e62e1beeb1f2c35b41a0c},
	Year = {2008},
	Bdsk-Url-1 = {https://www.scopus.com/inward/record.uri?eid=2-s2.0-50649102597&partnerID=40&md5=8fe2482b666e62e1beeb1f2c35b41a0c},
	Bdsk-Url-2 = {http://dx.doi.org/10.1109/ICST.2008.44}}

@conference{Tan200862,
	Art_Number = {4539533},
	Author = {Tan, R.P. and Edwards, S.},
	Document_Type = {Conference Paper},
	Doi = {10.1109/ICST.2008.59},
	Journal = {Proceedings of the 1st International Conference on Software Testing, Verification and Validation, ICST 2008},
	Note = {cited By 2},
	Pages = {62-71},
	Source = {Scopus},
	Title = {Evaluating automated unit testing in Sulu},
	Url = {https://www.scopus.com/inward/record.uri?eid=2-s2.0-50649112835&partnerID=40&md5=87125d434cc7b5ef68f4d1fd95fa8c57},
	Year = {2008},
	Bdsk-Url-1 = {https://www.scopus.com/inward/record.uri?eid=2-s2.0-50649112835&partnerID=40&md5=87125d434cc7b5ef68f4d1fd95fa8c57},
	Bdsk-Url-2 = {http://dx.doi.org/10.1109/ICST.2008.59}}

@article{Hennessy2008343,
	Author = {Hennessy, M. and Power, J.F.},
	Document_Type = {Article},
	Doi = {10.1007/s10664-008-9067-7},
	Journal = {Empirical Software Engineering},
	Note = {cited By 6},
	Number = {4},
	Pages = {343-368},
	Source = {Scopus},
	Title = {Analysing the effectiveness of rule-coverage as a reduction criterion for test suites of grammar-based software},
	Url = {https://www.scopus.com/inward/record.uri?eid=2-s2.0-55049107033&partnerID=40&md5=b37e867d107bb5a42caa15a4ef27236b},
	Volume = {13},
	Year = {2008},
	Bdsk-Url-1 = {https://www.scopus.com/inward/record.uri?eid=2-s2.0-55049107033&partnerID=40&md5=b37e867d107bb5a42caa15a4ef27236b},
	Bdsk-Url-2 = {http://dx.doi.org/10.1007/s10664-008-9067-7}}

@article{Zhan2008262,
	Author = {Zhan, Y. and Clark, J.A.},
	Document_Type = {Article},
	Doi = {10.1016/j.jss.2007.05.039},
	Journal = {Journal of Systems and Software},
	Note = {cited By 24},
	Number = {2},
	Pages = {262-285},
	Source = {Scopus},
	Title = {A search-based framework for automatic testing of MATLAB/Simulink models},
	Url = {https://www.scopus.com/inward/record.uri?eid=2-s2.0-36849007497&partnerID=40&md5=a3e13ac63af97d6366fd5c7414a2fba0},
	Volume = {81},
	Year = {2008},
	Bdsk-Url-1 = {https://www.scopus.com/inward/record.uri?eid=2-s2.0-36849007497&partnerID=40&md5=a3e13ac63af97d6366fd5c7414a2fba0},
	Bdsk-Url-2 = {http://dx.doi.org/10.1016/j.jss.2007.05.039}}

@conference{Koster2007state,
	Author = {Koster, K. and Kao, D.},
	Date-Modified = {2016-06-14 09:51:35 +0000},
	Document_Type = {Conference Paper},
	Doi = {10.1145/1295014.1295036},
	Journal = {ESEC/FSE'07: 6th Joint Meeting of the European Software Engineering Conference and the ACM SIGSOFT Symposium on the Foundations of Software Engineering - Companion Papers},
	Note = {cited By 7},
	Pages = {541-544},
	Source = {Scopus},
	Title = {State coverage: A structural test adequacy criterion for behavior checking},
	Url = {https://www.scopus.com/inward/record.uri?eid=2-s2.0-37849052542&partnerID=40&md5=fdd65fd99d2390175432ba7744b58192},
	Year = {2007},
	Bdsk-Url-1 = {https://www.scopus.com/inward/record.uri?eid=2-s2.0-37849052542&partnerID=40&md5=fdd65fd99d2390175432ba7744b58192},
	Bdsk-Url-2 = {http://dx.doi.org/10.1145/1295014.1295036}}

@conference{Cheon2007410,
	Art_Number = {4385528},
	Author = {Cheon, Y.},
	Document_Type = {Conference Paper},
	Doi = {10.1109/QSIC.2007.4385528},
	Journal = {Proceedings - International Conference on Quality Software},
	Note = {cited By 1},
	Pages = {410-414},
	Source = {Scopus},
	Title = {Abstraction in assertion-based test oracles},
	Url = {https://www.scopus.com/inward/record.uri?eid=2-s2.0-46449139536&partnerID=40&md5=7b51f1704b6e6bea7194dc1e1c9b25bb},
	Year = {2007},
	Bdsk-Url-1 = {https://www.scopus.com/inward/record.uri?eid=2-s2.0-46449139536&partnerID=40&md5=7b51f1704b6e6bea7194dc1e1c9b25bb},
	Bdsk-Url-2 = {http://dx.doi.org/10.1109/QSIC.2007.4385528}}

@conference{Shan200643,
	Author = {Shan, L. and Zhu, H.},
	Document_Type = {Conference Paper},
	Doi = {10.1145/1138929.1138938},
	Journal = {Proceedings - International Conference on Software Engineering},
	Note = {cited By 1},
	Pages = {43-49},
	Source = {Scopus},
	Title = {Testing software modelling tools using data mutation},
	Url = {https://www.scopus.com/inward/record.uri?eid=2-s2.0-68049104440&partnerID=40&md5=f4cac7dd36b341fcc50a436393ff3c0a},
	Year = {2006},
	Bdsk-Url-1 = {https://www.scopus.com/inward/record.uri?eid=2-s2.0-68049104440&partnerID=40&md5=f4cac7dd36b341fcc50a436393ff3c0a},
	Bdsk-Url-2 = {http://dx.doi.org/10.1145/1138929.1138938}}

@conference{Liu2006113,
	Art_Number = {4021328},
	Author = {Liu, M.-H. and Gao, Y.-F. and Shan, J.-H. and Liu, J.-H. and Zhang, L. and Sun, J.-S.},
	Document_Type = {Conference Paper},
	Doi = {10.1109/ICSM.2006.13},
	Journal = {IEEE International Conference on Software Maintenance, ICSM},
	Note = {cited By 12},
	Pages = {113-122},
	Source = {Scopus},
	Title = {An approach to test data generation for killing multiple mutants},
	Url = {https://www.scopus.com/inward/record.uri?eid=2-s2.0-34547261949&partnerID=40&md5=9102739728d49b442462e415e3ccc2e5},
	Year = {2006},
	Bdsk-Url-1 = {https://www.scopus.com/inward/record.uri?eid=2-s2.0-34547261949&partnerID=40&md5=9102739728d49b442462e415e3ccc2e5},
	Bdsk-Url-2 = {http://dx.doi.org/10.1109/ICSM.2006.13}}

@conference{Mayer2006105,
	Author = {Mayer, J. and Schneckenburger, C.},
	Document_Type = {Conference Paper},
	Doi = {10.1145/1159733.1159751},
	Journal = {ISESE'06 - Proceedings of the 5th ACM-IEEE International Symposium on Empirical Software Engineering},
	Note = {cited By 24},
	Pages = {105-114},
	Source = {Scopus},
	Title = {An empirical analysis and comparison of random testing techniques},
	Url = {https://www.scopus.com/inward/record.uri?eid=2-s2.0-34247374360&partnerID=40&md5=9a728e6f8e9a51c21433741cd2a8d458},
	Volume = {2006},
	Year = {2006},
	Bdsk-Url-1 = {https://www.scopus.com/inward/record.uri?eid=2-s2.0-34247374360&partnerID=40&md5=9a728e6f8e9a51c21433741cd2a8d458},
	Bdsk-Url-2 = {http://dx.doi.org/10.1145/1159733.1159751}}

@conference{Mayer200685,
	Art_Number = {4032272},
	Author = {Mayer, J. and Guderlei, R.},
	Document_Type = {Conference Paper},
	Doi = {10.1109/QSIC.2006.45},
	Journal = {Proceedings - International Conference on Quality Software},
	Note = {cited By 7},
	Pages = {85-92},
	Source = {Scopus},
	Title = {On random testing of image processing applications},
	Url = {https://www.scopus.com/inward/record.uri?eid=2-s2.0-34250746854&partnerID=40&md5=8e7b43344ea23d34f8050ba2bdec1e3e},
	Year = {2006},
	Bdsk-Url-1 = {https://www.scopus.com/inward/record.uri?eid=2-s2.0-34250746854&partnerID=40&md5=8e7b43344ea23d34f8050ba2bdec1e3e},
	Bdsk-Url-2 = {http://dx.doi.org/10.1109/QSIC.2006.45}}

@article{Andrews2006608,
	Author = {Andrews, J.H. and Briand, L.C. and Labiche, Y. and Namin, A.S.},
	Document_Type = {Article},
	Doi = {10.1109/TSE.2006.83},
	Journal = {IEEE Transactions on Software Engineering},
	Note = {cited By 180},
	Number = {8},
	Pages = {608-624},
	Source = {Scopus},
	Title = {Using mutation analysis for assessing and comparing testing coverage criteria},
	Url = {https://www.scopus.com/inward/record.uri?eid=2-s2.0-33947155743&partnerID=40&md5=bb4a64a067d48d802825fab678920fb3},
	Volume = {32},
	Year = {2006},
	Bdsk-Url-1 = {https://www.scopus.com/inward/record.uri?eid=2-s2.0-33947155743&partnerID=40&md5=bb4a64a067d48d802825fab678920fb3},
	Bdsk-Url-2 = {http://dx.doi.org/10.1109/TSE.2006.83}}

@article{LeTraon2006571,
	Author = {Le Traon, Y. and Baudry, B. and J{\'e}z{\'e}quel, J.-M.},
	Document_Type = {Article},
	Doi = {10.1109/TSE.2006.79},
	Journal = {IEEE Transactions on Software Engineering},
	Note = {cited By 33},
	Number = {8},
	Pages = {571-586},
	Source = {Scopus},
	Title = {Design by contract to improve software vigilance},
	Url = {https://www.scopus.com/inward/record.uri?eid=2-s2.0-33750378261&partnerID=40&md5=be768b230a8d536c0110ea61f0ba224f},
	Volume = {32},
	Year = {2006},
	Bdsk-Url-1 = {https://www.scopus.com/inward/record.uri?eid=2-s2.0-33750378261&partnerID=40&md5=be768b230a8d536c0110ea61f0ba224f},
	Bdsk-Url-2 = {http://dx.doi.org/10.1109/TSE.2006.79}}

@article{Vergilio2006756,
	Author = {Vergilio, S.R. and Maldonado, J.C. and Jino, M. and Soares, I.W.},
	Document_Type = {Article},
	Doi = {10.1016/j.jss.2005.06.012},
	Journal = {Journal of Systems and Software},
	Note = {cited By 7},
	Number = {6},
	Pages = {756-771},
	Source = {Scopus},
	Title = {Constraint based structural testing criteria},
	Url = {https://www.scopus.com/inward/record.uri?eid=2-s2.0-33646123066&partnerID=40&md5=f3f229ec4b5b2f3d289a44121854dfe0},
	Volume = {79},
	Year = {2006},
	Bdsk-Url-1 = {https://www.scopus.com/inward/record.uri?eid=2-s2.0-33646123066&partnerID=40&md5=f3f229ec4b5b2f3d289a44121854dfe0},
	Bdsk-Url-2 = {http://dx.doi.org/10.1016/j.jss.2005.06.012}}

@article{Baudry200573,
	Author = {Baudry, B. and Fleurey, F. and J{\'e}z{\'e}quel, J.-M. and Traon, Y.L.},
	Document_Type = {Article},
	Doi = {10.1002/stvr.313},
	Journal = {Software Testing Verification and Reliability},
	Note = {cited By 38},
	Number = {2},
	Pages = {73-96},
	Source = {Scopus},
	Title = {From genetic to bacteriological algorithms for mutation-based testing},
	Url = {https://www.scopus.com/inward/record.uri?eid=2-s2.0-20844454696&partnerID=40&md5=7b1f47f1df07f142bb42508e3eb13962},
	Volume = {15},
	Year = {2005},
	Bdsk-Url-1 = {https://www.scopus.com/inward/record.uri?eid=2-s2.0-20844454696&partnerID=40&md5=7b1f47f1df07f142bb42508e3eb13962},
	Bdsk-Url-2 = {http://dx.doi.org/10.1002/stvr.313}}

@article{Yoon200445,
	Author = {Yoon, H. and Choi, B.},
	Document_Type = {Article},
	Journal = {Software Testing Verification and Reliability},
	Note = {cited By 6},
	Number = {1},
	Pages = {45-70},
	Source = {Scopus},
	Title = {Effective test case selection for component customization and its application to enterprise JavaBeans},
	Url = {https://www.scopus.com/inward/record.uri?eid=2-s2.0-1842609881&partnerID=40&md5=4437bdce512ff21548c5d7f68cd47be0},
	Volume = {14},
	Year = {2004},
	Bdsk-Url-1 = {https://www.scopus.com/inward/record.uri?eid=2-s2.0-1842609881&partnerID=40&md5=4437bdce512ff21548c5d7f68cd47be0}}

@conference{Lyu2003119,
	Art_Number = {1251036},
	Author = {Lyu, M.R. and Huang, Z. and Sze, S.K.S. and Cai, X.},
	Document_Type = {Conference Paper},
	Doi = {10.1109/ISSRE.2003.1251036},
	Journal = {Proceedings - International Symposium on Software Reliability Engineering, ISSRE},
	Note = {cited By 26},
	Pages = {119-130},
	Source = {Scopus},
	Title = {An empirical study on testing and fault tolerance for software reliability engineering},
	Url = {https://www.scopus.com/inward/record.uri?eid=2-s2.0-84954452028&partnerID=40&md5=933b36cdfb9c89d460cbd9b9bbdadc9d},
	Volume = {2003-January},
	Year = {2003},
	Bdsk-Url-1 = {https://www.scopus.com/inward/record.uri?eid=2-s2.0-84954452028&partnerID=40&md5=933b36cdfb9c89d460cbd9b9bbdadc9d},
	Bdsk-Url-2 = {http://dx.doi.org/10.1109/ISSRE.2003.1251036}}

@conference{Baudry2002195,
	Art_Number = {1173246},
	Author = {Baudry, B. and Fleurey, F. and Jezequel, J.-M. and Le Traon, Y.},
	Document_Type = {Conference Paper},
	Doi = {10.1109/ISSRE.2002.1173246},
	Journal = {Proceedings - International Symposium on Software Reliability Engineering, ISSRE},
	Note = {cited By 14},
	Pages = {195-206},
	Source = {Scopus},
	Title = {Genes and bacteria for automatic test cases optimization in the.NET environment},
	Url = {https://www.scopus.com/inward/record.uri?eid=2-s2.0-17644367665&partnerID=40&md5=1708ad353872328db8216c945173f9c2},
	Volume = {2002-January},
	Year = {2002},
	Bdsk-Url-1 = {https://www.scopus.com/inward/record.uri?eid=2-s2.0-17644367665&partnerID=40&md5=1708ad353872328db8216c945173f9c2},
	Bdsk-Url-2 = {http://dx.doi.org/10.1109/ISSRE.2002.1173246}}

@article{Vincenzi2001249,
	Author = {Vincenzi, A.M.R. and Maldonado, J.C. and Barbosa, E.F. and Delamaro, M.E.},
	Document_Type = {Article},
	Doi = {10.1002/stvr.242},
	Journal = {Software Testing Verification and Reliability},
	Note = {cited By 11},
	Number = {4},
	Pages = {249-268},
	Source = {Scopus},
	Title = {Unit and integration testing strategies for C programs using mutation},
	Url = {https://www.scopus.com/inward/record.uri?eid=2-s2.0-0035658786&partnerID=40&md5=f645edb7e32a778f6872074a092f612c},
	Volume = {11},
	Year = {2001},
	Bdsk-Url-1 = {https://www.scopus.com/inward/record.uri?eid=2-s2.0-0035658786&partnerID=40&md5=f645edb7e32a778f6872074a092f612c},
	Bdsk-Url-2 = {http://dx.doi.org/10.1002/stvr.242}}

@article{Kim2001207,
	Author = {Kim, S.-W. and Clark, J.A. and McDermid, J.A.},
	Document_Type = {Article},
	Doi = {10.1002/stvr.238},
	Journal = {Software Testing Verification and Reliability},
	Note = {cited By 31},
	Number = {4},
	Pages = {207-225},
	Source = {Scopus},
	Title = {Investigating the effectiveness of object-oriented testing strategies using the mutation method},
	Url = {https://www.scopus.com/inward/record.uri?eid=2-s2.0-0035658565&partnerID=40&md5=df66c9b7f17b008eb6e5c9decdf0a8f3},
	Volume = {11},
	Year = {2001},
	Bdsk-Url-1 = {https://www.scopus.com/inward/record.uri?eid=2-s2.0-0035658565&partnerID=40&md5=df66c9b7f17b008eb6e5c9decdf0a8f3},
	Bdsk-Url-2 = {http://dx.doi.org/10.1002/stvr.238}}

@conference{Lee2001200,
	Author = {Lee, S.C. and Offutt, J.},
	Document_Type = {Conference Paper},
	Journal = {Proceedings of the International Symposium on Software Reliability Engineering, ISSRE},
	Note = {cited By 33},
	Pages = {200-209},
	Source = {Scopus},
	Title = {Generating test cases for XML-based web component interactions using mutation analysis},
	Url = {https://www.scopus.com/inward/record.uri?eid=2-s2.0-0035691797&partnerID=40&md5=683c1abef53c231abd651e5a805fd89a},
	Year = {2001},
	Bdsk-Url-1 = {https://www.scopus.com/inward/record.uri?eid=2-s2.0-0035691797&partnerID=40&md5=683c1abef53c231abd651e5a805fd89a}}

@conference{Chevalley2001254,
	Author = {Chevalley, P. and Th{\'e}venod-Fosse, P.},
	Document_Type = {Conference Paper},
	Journal = {Proceedings of the International Symposium on Software Reliability Engineering, ISSRE},
	Note = {cited By 8},
	Pages = {254-263},
	Source = {Scopus},
	Title = {An empirical evaluation of statistical testing designed from UML state diagrams: The flight guidance system case study},
	Url = {https://www.scopus.com/inward/record.uri?eid=2-s2.0-0035685353&partnerID=40&md5=197b0e975dc18145cd6d1f2f43d9b7f2},
	Year = {2001},
	Bdsk-Url-1 = {https://www.scopus.com/inward/record.uri?eid=2-s2.0-0035685353&partnerID=40&md5=197b0e975dc18145cd6d1f2f43d9b7f2}}

@conference{vonMayrhauser2000186,
	Author = {von Mayrhauser, Anneliese and Scheetz, Michael and Dahlman, Eric and Howe, Adele E.},
	Document_Type = {Conference Paper},
	Journal = {Proceedings of the International Symposium on Software Reliability Engineering, ISSRE},
	Note = {cited By 3},
	Pages = {186-195},
	Source = {Scopus},
	Title = {Planner based error recovery testing},
	Url = {https://www.scopus.com/inward/record.uri?eid=2-s2.0-0034539297&partnerID=40&md5=cd893c443100c228930a95f949677b55},
	Year = {2000},
	Bdsk-Url-1 = {https://www.scopus.com/inward/record.uri?eid=2-s2.0-0034539297&partnerID=40&md5=cd893c443100c228930a95f949677b55}}

@conference{Baudry20004,
	Author = {Baudry, Benoit and Le Hanh, Vu and Jezequel, Jean-Marc and Le Traon, Yves},
	Document_Type = {Conference Paper},
	Journal = {Proceedings of the International Symposium on Software Reliability Engineering, ISSRE},
	Note = {cited By 10},
	Pages = {4-17},
	Source = {Scopus},
	Title = {Building trust into OO components using a genetic analogy},
	Url = {https://www.scopus.com/inward/record.uri?eid=2-s2.0-0034546778&partnerID=40&md5=cf0e0256b8ca2f7e3a5057d0bf03898c},
	Year = {2000},
	Bdsk-Url-1 = {https://www.scopus.com/inward/record.uri?eid=2-s2.0-0034546778&partnerID=40&md5=cf0e0256b8ca2f7e3a5057d0bf03898c}}

@article{Edwards2000249,
	Author = {Edwards, S.H.},
	Document_Type = {Article},
	Doi = {10.1002/1099-1689(200012)10:4&lt;249::AID-STVR215&gt;3.0.CO;2-C},
	Journal = {Software Testing Verification and Reliability},
	Note = {cited By 20},
	Number = {4},
	Pages = {249-262},
	Source = {Scopus},
	Title = {Black-box testing using flowgraphs: An experimental assessment of effectiveness and automation potential},
	Url = {https://www.scopus.com/inward/record.uri?eid=2-s2.0-0034478816&partnerID=40&md5=af7e2251651a30223513b08bc5fba6c5},
	Volume = {10},
	Year = {2000},
	Bdsk-Url-1 = {https://www.scopus.com/inward/record.uri?eid=2-s2.0-0034478816&partnerID=40&md5=af7e2251651a30223513b08bc5fba6c5},
	Bdsk-Url-2 = {http://dx.doi.org/10.1002/1099-1689(200012)10:4&lt;249::AID-STVR215&gt;3.0.CO;2-C}}

@conference{Woodward2000168,
	Author = {Woodward, M.R. and Al-Khanjari, Z.A.},
	Document_Type = {Conference Paper},
	Journal = {Proceedings of the ACM SIGSOFT 2000 International Symposium on Software Testing and Analysis},
	Note = {cited By 5},
	Pages = {168-172},
	Source = {Scopus},
	Title = {Testability, fault size and the domain-to-range ratio: An eternal triangle},
	Url = {https://www.scopus.com/inward/record.uri?eid=2-s2.0-0034592888&partnerID=40&md5=aa21c51b78edf201937f6039fdfa5f82},
	Year = {2000},
	Bdsk-Url-1 = {https://www.scopus.com/inward/record.uri?eid=2-s2.0-0034592888&partnerID=40&md5=aa21c51b78edf201937f6039fdfa5f82}}

@article{JeffersonOffutt199949,
	Author = {Jefferson Offutt, A. and Liu, S.},
	Document_Type = {Article},
	Doi = {10.1016/S0164-1212(99)00066-7},
	Journal = {Journal of Systems and Software},
	Note = {cited By 39},
	Number = {1},
	Pages = {49-62},
	Source = {Scopus},
	Title = {Generating test data from SOFL specifications},
	Url = {https://www.scopus.com/inward/record.uri?eid=2-s2.0-0033324481&partnerID=40&md5=b33b1677d5020ae2436a437c8df26c3a},
	Volume = {49},
	Year = {1999},
	Bdsk-Url-1 = {https://www.scopus.com/inward/record.uri?eid=2-s2.0-0033324481&partnerID=40&md5=b33b1677d5020ae2436a437c8df26c3a},
	Bdsk-Url-2 = {http://dx.doi.org/10.1016/S0164-1212(99)00066-7}}

@conference{Watanabe199581,
	Author = {Watanabe, Aki and Sakamura, Ken},
	Document_Type = {Conference Paper},
	Journal = {Proceedings - International Conference on Software Engineering},
	Note = {cited By 1},
	Pages = {81-89},
	Source = {Scopus},
	Title = {Specification-based adaptive test case generation strategy for open operating system standards},
	Url = {https://www.scopus.com/inward/record.uri?eid=2-s2.0-0029490423&partnerID=40&md5=93fa091d4834a29827ddcc7e7eb3c7ce},
	Year = {1995},
	Bdsk-Url-1 = {https://www.scopus.com/inward/record.uri?eid=2-s2.0-0029490423&partnerID=40&md5=93fa091d4834a29827ddcc7e7eb3c7ce}}

@article{Laski199581,
	Author = {Laski, Janusz and Szermer, Wojciech and Luczycki, Piotr},
	Document_Type = {Article},
	Journal = {Software Testing Verification and Reliability},
	Note = {cited By 6},
	Number = {2},
	Pages = {81-105},
	Source = {Scopus},
	Title = {Error masking in computer programs},
	Url = {https://www.scopus.com/inward/record.uri?eid=2-s2.0-0029326099&partnerID=40&md5=2ad34913e41a0b8393952f8163904ea4},
	Volume = {5},
	Year = {1995},
	Bdsk-Url-1 = {https://www.scopus.com/inward/record.uri?eid=2-s2.0-0029326099&partnerID=40&md5=2ad34913e41a0b8393952f8163904ea4}}

@article{Weyuker1994353,
	Author = {Weyuker, E.},
	Document_Type = {Article},
	Doi = {10.1109/32.286420},
	Journal = {IEEE Transactions on Software Engineering},
	Note = {cited By 144},
	Number = {5},
	Pages = {353-363},
	Source = {Scopus},
	Title = {Automatically Generating Test Data from a Boolean Specification},
	Url = {https://www.scopus.com/inward/record.uri?eid=2-s2.0-0028437965&partnerID=40&md5=f21d9d2fff8c600c65b47cf776d0b656},
	Volume = {20},
	Year = {1994},
	Bdsk-Url-1 = {https://www.scopus.com/inward/record.uri?eid=2-s2.0-0028437965&partnerID=40&md5=f21d9d2fff8c600c65b47cf776d0b656},
	Bdsk-Url-2 = {http://dx.doi.org/10.1109/32.286420}}

@article{DeMillo1993109,
	Author = {DeMillo, Richard A. and Offutt, A.Jefferson},
	Document_Type = {Article},
	Doi = {10.1145/151257.151258},
	Journal = {ACM Transactions on Software Engineering and Methodology},
	Note = {cited By 67},
	Number = {2},
	Pages = {109-127},
	Source = {Scopus},
	Title = {Experimental results from an automatic test case generator},
	Url = {https://www.scopus.com/inward/record.uri?eid=2-s2.0-0027579085&partnerID=40&md5=1427488ec349beb7ef15d93b7eca5390},
	Volume = {2},
	Year = {1993},
	Bdsk-Url-1 = {https://www.scopus.com/inward/record.uri?eid=2-s2.0-0027579085&partnerID=40&md5=1427488ec349beb7ef15d93b7eca5390},
	Bdsk-Url-2 = {http://dx.doi.org/10.1145/151257.151258}}

@article{Lyu1993179,
	Author = {Lyu, M.R. and He, Y.T.},
	Document_Type = {Article},
	Doi = {10.1109/24.229486},
	Journal = {IEEE Transactions on Reliability},
	Note = {cited By 31},
	Number = {2},
	Pages = {179-189},
	Source = {Scopus},
	Title = {Improving the N-Version Programming Process Through the Evolution of a Design Paradigm},
	Url = {https://www.scopus.com/inward/record.uri?eid=2-s2.0-0027607062&partnerID=40&md5=f93f2a060e9a20dbe49a530a3c20b992},
	Volume = {42},
	Year = {1993},
	Bdsk-Url-1 = {https://www.scopus.com/inward/record.uri?eid=2-s2.0-0027607062&partnerID=40&md5=f93f2a060e9a20dbe49a530a3c20b992},
	Bdsk-Url-2 = {http://dx.doi.org/10.1109/24.229486}}

@article{DeMillo1991900,
	Author = {DeMillo, Richard A. and Offutt, A.Jefferson},
	Document_Type = {Article},
	Doi = {10.1109/32.92910},
	Journal = {IEEE Transactions on Software Engineering},
	Note = {cited By 383},
	Number = {9},
	Pages = {900-910},
	Source = {Scopus},
	Title = {Constraint-based automatic test data generation},
	Url = {https://www.scopus.com/inward/record.uri?eid=2-s2.0-0026222968&partnerID=40&md5=afc1f5798ca8a54387cc2da1a0a8fe62},
	Volume = {17},
	Year = {1991},
	Bdsk-Url-1 = {https://www.scopus.com/inward/record.uri?eid=2-s2.0-0026222968&partnerID=40&md5=afc1f5798ca8a54387cc2da1a0a8fe62},
	Bdsk-Url-2 = {http://dx.doi.org/10.1109/32.92910}}

@conference{Howden1982235,
	Author = {Howden, William E.},
	Document_Type = {Article},
	Journal = {Proceedings - International Conference on Software Engineering},
	Note = {cited By 5},
	Pages = {235-243},
	Source = {Scopus},
	Title = {COMPLETENESS CRITERIA FOR TESTING ELEMENTARY PROGRAM FUNCTIONS.},
	Url = {https://www.scopus.com/inward/record.uri?eid=2-s2.0-0019893235&partnerID=40&md5=3a67cf44c8cc9d05b67813b66591c0fe},
	Year = {1982},
	Bdsk-Url-1 = {https://www.scopus.com/inward/record.uri?eid=2-s2.0-0019893235&partnerID=40&md5=3a67cf44c8cc9d05b67813b66591c0fe}}
