%% This BibTeX bibliography file was created using BibDesk.
%% http://bibdesk.sourceforge.net/

%% Created for Qianqian Zhu at 2017-01-30 21:30:45 +0100 


%% Saved with string encoding Unicode (UTF-8) 



@inproceedings{ammann2014establishing,
	Author = {Ammann, Paul and Delamaro, Marcio Eduardo and Offutt, Jeff},
	Booktitle = {Software Testing, Verification and Validation (ICST), 2014 IEEE Seventh International Conference on},
	Date-Added = {2017-01-30 20:16:33 +0000},
	Date-Modified = {2017-01-30 20:16:33 +0000},
	Organization = {IEEE},
	Pages = {21--30},
	Title = {Establishing theoretical minimal sets of mutants},
	Year = {2014}}

@inproceedings{kurtz2014mutant,
	Author = {Kurtz, Bob and Ammann, Paul and Delamaro, Marcio E and Offutt, Jeff and Deng, Lin},
	Booktitle = {Software testing, verification and validation workshops (ICSTW), 2014 IEEE seventh international conference on},
	Date-Added = {2017-01-30 19:49:21 +0000},
	Date-Modified = {2017-01-30 19:49:21 +0000},
	Organization = {IEEE},
	Pages = {176--185},
	Title = {Mutant subsumption graphs},
	Year = {2014}}

@inproceedings{just2012using,
	Author = {Just, Ren{\'e} and Kapfhammer, Gregory M and Schweiggert, Franz},
	Booktitle = {Software Reliability Engineering (ISSRE), 2012 IEEE 23rd International Symposium on},
	Date-Added = {2017-01-30 19:48:11 +0000},
	Date-Modified = {2017-01-30 19:48:11 +0000},
	Organization = {IEEE},
	Pages = {11--20},
	Title = {Using non-redundant mutation operators and test suite prioritization to achieve efficient and scalable mutation analysis},
	Year = {2012}}

@article{zhu2016speed,
	Author = {Zhu, Qianqian and Panichella, Annibale and Zaidman, Andy},
	Date-Added = {2016-12-10 08:20:35 +0000},
	Date-Modified = {2016-12-10 08:24:01 +0000},
	Doi = {10.7287/peerj.preprints.2632v1},
	Journal = {PeerJ Preprints},
	Month = {12},
	Title = {Speeding-up mutation testing via data compression and state infection},
	Url = {https://doi.org/10.7287/peerj.preprints.2632v1},
	Year = {2016},
	Bdsk-Url-1 = {https://doi.org/10.7287/peerj.preprints.2483v1},
	Bdsk-Url-2 = {http://dx.doi.org/10.7287/peerj.preprints.2483v1}}

@incollection{tilley2005survey,
	Author = {Tilley, Thomas and Cole, Richard and Becker, Peter and Eklund, Peter},
	Booktitle = {Formal concept analysis},
	Date-Added = {2016-12-06 15:18:05 +0000},
	Date-Modified = {2016-12-06 15:18:05 +0000},
	Pages = {250--271},
	Publisher = {Springer},
	Title = {A survey of formal concept analysis support for software engineering activities},
	Year = {2005}}

@article{ma2005mujava,
	Author = {Ma, Yu-Seung and Offutt, Jeff and Kwon, Yong Rae},
	Date-Added = {2016-12-02 15:57:49 +0000},
	Date-Modified = {2016-12-02 15:57:49 +0000},
	Journal = {Software Testing, Verification and Reliability},
	Number = {2},
	Pages = {97--133},
	Publisher = {Wiley Online Library},
	Title = {MuJava: an automated class mutation system},
	Volume = {15},
	Year = {2005}}

@article{jia2009higher,
	Author = {Jia, Yue and Harman, Mark},
	Date-Added = {2016-12-02 15:54:10 +0000},
	Date-Modified = {2016-12-02 15:54:10 +0000},
	Journal = {Information and Software Technology},
	Number = {10},
	Pages = {1379--1393},
	Publisher = {Elsevier},
	Title = {Higher order mutation testing},
	Volume = {51},
	Year = {2009}}

@inproceedings{zhang2013faster,
	Author = {Zhang, Lingming and Marinov, Darko and Khurshid, Sarfraz},
	Booktitle = {Proc. Int'l. Symp. on Software Testing and Analysis (ISSTA)},
	Date-Added = {2016-12-02 15:28:30 +0000},
	Date-Modified = {2016-12-02 15:28:30 +0000},
	Organization = {ACM},
	Pages = {235--245},
	Title = {Faster mutation testing inspired by test prioritization and reduction},
	Year = {2013}}

@inproceedings{ji2009novel,
	Author = {Ji, Changbin and Chen, Zhenyu and Xu, Baowen and Zhao, Zhihong},
	Booktitle = {SEKE},
	Date-Added = {2016-12-02 13:55:17 +0000},
	Date-Modified = {2016-12-02 13:55:17 +0000},
	Pages = {422--425},
	Title = {A Novel Method of Mutation Clustering Based on Domain Analysis.},
	Year = {2009}}

@article{hussain2008mutation,
	Author = {Hussain, Shamaila},
	Date-Added = {2016-12-02 13:28:12 +0000},
	Date-Modified = {2016-12-08 22:29:43 +0000},
	Journal = {Ms. Th., Kings College London, Strand, London},
	Publisher = {Citeseer},
	Title = {Mutation clustering},
	Year = {2008}}

@inproceedings{weiss1993improved,
	Author = {Weiss, Stewart N and Fleyshgakker, Vladimir N},
	Booktitle = {ACM SIGSOFT Software Engineering Notes},
	Date-Added = {2016-12-01 18:12:45 +0000},
	Date-Modified = {2016-12-01 18:12:45 +0000},
	Number = {3},
	Organization = {ACM},
	Pages = {149--158},
	Title = {Improved serial algorithms for mutation analysis},
	Volume = {18},
	Year = {1993}}

@article{ma2016mutation,
	Author = {Ma, Yu-Seung and Kim, Sang-Woon},
	Date-Added = {2016-12-01 17:49:39 +0000},
	Date-Modified = {2016-12-01 17:49:39 +0000},
	Journal = {J. Systems and Software},
	Pages = {18--30},
	Publisher = {Elsevier},
	Title = {Mutation testing cost reduction by clustering overlapped mutants},
	Volume = {115},
	Year = {2016}}

@misc{pit2016,
	Date-Added = {2016-12-01 17:22:43 +0000},
	Date-Modified = {2016-12-01 17:22:43 +0000},
	Howpublished = {\url{http://pitest.org/quickstart/mutators/}},
	Note = {[Online; accessed 10-August-2016]},
	Title = {{Available mutation operations (PIT)}}}

@article{jia2011analysis,
	Author = {Jia, Yue and Harman, Mark},
	Date-Added = {2016-12-01 15:04:15 +0000},
	Date-Modified = {2016-12-01 15:04:15 +0000},
	Journal = {IEEE Trans. Software Eng.},
	Number = {5},
	Pages = {649--678},
	Publisher = {IEEE},
	Title = {An analysis and survey of the development of mutation testing},
	Volume = {37},
	Year = {2011}}

@inproceedings{untch1993mutation,
	Author = {Untch, Roland and Offutt, A Jefferson and Harrold, Mary Jean},
	Booktitle = {Int'l Symp. Software Testing and Analysis (ISSTA)},
	Date-Added = {2016-12-01 13:03:57 +0000},
	Date-Modified = {2016-12-01 13:03:57 +0000},
	Pages = {139--148},
	Title = {Mutation testing using mutant schemata},
	Year = {1993}}

@inproceedings{untch1992mutation,
	Author = {Untch, Roland H},
	Booktitle = {Proc. annual Southeast regional conf.},
	Date-Added = {2016-12-01 13:03:42 +0000},
	Date-Modified = {2016-12-01 13:03:42 +0000},
	Organization = {ACM},
	Pages = {285--291},
	Title = {Mutation-based software testing using program schemata},
	Year = {1992}}

@article{demillo1991constraint,
	Author = {DeMillo, RA and Offutt, A. Jefferson},
	Date-Added = {2016-12-01 13:02:44 +0000},
	Date-Modified = {2016-12-01 13:03:14 +0000},
	Journal = {IEEE Trans. Software Eng.},
	Number = {9},
	Pages = {900--910},
	Publisher = {IEEE},
	Title = {Constraint-based automatic test data generation},
	Volume = {17},
	Year = {1991}}

@article{offutt1994empirical,
	Author = {Offutt, A Jefferson and Lee, Stephen D},
	Date-Added = {2016-12-01 13:01:14 +0000},
	Date-Modified = {2016-12-01 13:01:14 +0000},
	Journal = {IEEE Trans. Software Eng.},
	Number = {5},
	Pages = {337--344},
	Publisher = {IEEE},
	Title = {An empirical evaluation of weak mutation},
	Volume = {20},
	Year = {1994}}

@article{howden1982weak,
	Author = {Howden, William E.},
	Date-Added = {2016-12-01 13:01:02 +0000},
	Date-Modified = {2016-12-01 13:01:02 +0000},
	Journal = {IEEE Trans. Software Eng.},
	Number = {4},
	Pages = {371--379},
	Publisher = {IEEE},
	Title = {Weak mutation testing and completeness of test sets},
	Year = {1982}}

@inproceedings{siami2008sufficient,
	Author = {Siami Namin, Akbar and Andrews, James H and Murdoch, Duncan J},
	Booktitle = {Proc. Int'l Conf. Software engineering (ICSE)},
	Date-Added = {2016-12-01 13:00:49 +0000},
	Date-Modified = {2016-12-01 13:00:49 +0000},
	Organization = {ACM},
	Pages = {351--360},
	Title = {Sufficient mutation operators for measuring test effectiveness},
	Year = {2008}}

@article{mresa1999efficiency,
	Author = {Mresa, Elfurjani S and Bottaci, Leonardo},
	Date-Added = {2016-12-01 13:00:31 +0000},
	Date-Modified = {2016-12-01 13:00:31 +0000},
	Journal = {Software Testing Verification and Reliability},
	Number = {4},
	Pages = {205--232},
	Publisher = {Chichester, Sussex, England: J. Wiley, c1992-},
	Title = {Efficiency of mutation operators and selective mutation strategies: An empirical study},
	Volume = {9},
	Year = {1999}}

@article{offutt1996experimental,
	Author = {Offutt, A Jefferson and Lee, Ammei and Rothermel, Gregg and Untch, Roland H and Zapf, Christian},
	Date-Added = {2016-12-01 13:00:10 +0000},
	Date-Modified = {2016-12-01 13:00:10 +0000},
	Journal = {ACM Trans. Softw. Eng. Methodol.},
	Number = {2},
	Pages = {99--118},
	Publisher = {ACM},
	Title = {An experimental determination of sufficient mutant operators},
	Volume = {5},
	Year = {1996}}

@article{wong1995reducing,
	Author = {Wong, W Eric and Mathur, Aditya P},
	Date-Added = {2016-12-01 12:59:55 +0000},
	Date-Modified = {2016-12-01 12:59:55 +0000},
	Journal = {Journal of Systems and Software},
	Number = {3},
	Pages = {185--196},
	Publisher = {Elsevier},
	Title = {Reducing the cost of mutation testing: An empirical study},
	Volume = {31},
	Year = {1995}}

@techreport{acree1980mutation,
	Author = {Acree Jr, Allen Troy},
	Date-Added = {2016-12-01 12:59:34 +0000},
	Date-Modified = {2016-12-01 12:59:34 +0000},
	Institution = {DTIC Document},
	Title = {On Mutation.},
	Year = {1980}}

@inproceedings{just2011major,
	Author = {Just, Rene and Schweiggert, Franz and Kapfhammer, Gregory M},
	Booktitle = {Int'l Conf. Automated Softw. Engineering (ASE)},
	Date-Added = {2016-12-01 12:57:50 +0000},
	Date-Modified = {2016-12-01 12:57:50 +0000},
	Organization = {IEEE},
	Pages = {612--615},
	Title = {{MAJOR}: An efficient and extensible tool for mutation analysis in a Java compiler},
	Year = {2011}}

@inproceedings{schuler2009javalanche,
	Author = {Schuler, David and Zeller, Andreas},
	Booktitle = {Proc. ESEC/FSE},
	Date-Added = {2016-12-01 12:57:26 +0000},
	Date-Modified = {2016-12-01 12:57:26 +0000},
	Organization = {ACM},
	Pages = {297--298},
	Title = {Javalanche: efficient mutation testing for Java},
	Year = {2009}}

@article{kim2013combining,
	Author = {Kim, Sang-Woon and Ma, Yu-Seung and Kwon, Yong-Rae},
	Date-Added = {2016-12-01 12:53:27 +0000},
	Date-Modified = {2016-12-01 12:53:27 +0000},
	Journal = {Software Testing, Verification and Reliability},
	Number = {8},
	Pages = {647--668},
	Publisher = {Wiley Online Library},
	Title = {Combining weak and strong mutation for a noninterpretive Java mutation system},
	Volume = {23},
	Year = {2013}}

@inproceedings{just2014efficient,
	Author = {Just, Ren{\'e} and Ernst, Michael D and Fraser, Gordon},
	Booktitle = {Int'l Symp. on Software Testing and Analysis (ISSTA)},
	Date-Added = {2016-12-01 12:51:00 +0000},
	Date-Modified = {2016-12-01 12:51:00 +0000},
	Organization = {ACM},
	Pages = {315--326},
	Title = {Efficient mutation analysis by propagating and partitioning infected execution states},
	Year = {2014}}

@article{demillo1978hints,
	Author = {Lipton, Richard J and DeMillo, Richard A and Sayward, FG},
	Date-Added = {2016-11-30 19:24:26 +0000},
	Date-Modified = {2016-11-30 19:25:15 +0000},
	Journal = {IEEE computer},
	Number = {4},
	Pages = {34--41},
	Title = {Hints on test data selection: Help for the practicing programmer},
	Volume = {11},
	Year = {1978}}

@inproceedings{andrews2005mutation,
	Author = {Andrews, James H and Briand, Lionel C and Labiche, Yvan},
	Booktitle = {Proc. ICSE},
	Date-Added = {2016-11-30 19:19:28 +0000},
	Date-Modified = {2016-11-30 19:19:28 +0000},
	Organization = {IEEE},
	Pages = {402--411},
	Title = {Is mutation an appropriate tool for testing experiments?},
	Year = {2005}}

@inproceedings{li2009experimental,
	Author = {Li, Nan and Praphamontripong, Upsorn and Offutt, Jeff},
	Booktitle = {ICST workshops},
	Date-Added = {2016-11-30 19:19:02 +0000},
	Date-Modified = {2016-11-30 19:19:02 +0000},
	Organization = {IEEE},
	Pages = {220--229},
	Title = {An experimental comparison of four unit test criteria: Mutation, edge-pair, all-uses and prime path coverage},
	Year = {2009}}

@article{frankl1997all,
	Author = {Frankl, Phyllis G and Weiss, Stewart N and Hu, Cang},
	Date-Added = {2016-11-30 19:18:40 +0000},
	Date-Modified = {2016-11-30 19:18:40 +0000},
	Journal = {Journal of Systems and Software},
	Number = {3},
	Pages = {235--253},
	Publisher = {Elsevier},
	Title = {All-uses vs mutation testing: an experimental comparison of effectiveness},
	Volume = {38},
	Year = {1997}}

@article{mathur1994empirical,
	Author = {Mathur, Aditya P and Wong, W Eric},
	Date-Added = {2016-11-30 19:18:19 +0000},
	Date-Modified = {2016-11-30 19:18:19 +0000},
	Journal = {Software Testing, Verification and Reliability},
	Number = {1},
	Pages = {9--31},
	Publisher = {Wiley Online Library},
	Title = {An empirical comparison of data flow and mutation-based test adequacy criteria},
	Volume = {4},
	Year = {1994}}

@article{offutt2011mutation,
	Author = {Offutt, Jeff},
	Date-Added = {2016-11-30 19:17:45 +0000},
	Date-Modified = {2016-11-30 19:17:45 +0000},
	Journal = {Information and Software Technology},
	Number = {10},
	Pages = {1098--1107},
	Publisher = {Elsevier},
	Title = {A mutation carol: Past, present and future},
	Volume = {53},
	Year = {2011}}

@article{hamlet1977testing,
	Author = {Hamlet, Richard G.},
	Date-Added = {2016-11-30 19:17:15 +0000},
	Date-Modified = {2016-11-30 19:17:15 +0000},
	Journal = {IEEE Trans. Software Eng.},
	Number = {4},
	Pages = {279--290},
	Publisher = {IEEE},
	Title = {Testing programs with the aid of a compiler},
	Year = {1977}}

@article{lipton1971fault,
	Author = {Lipton, R},
	Date-Added = {2016-11-30 19:15:43 +0000},
	Date-Modified = {2016-11-30 19:15:43 +0000},
	Journal = {Student Report, Carnegie Mellon University},
	Title = {Fault diagnosis of computer programs},
	Year = {1971}}

@inproceedings{yevtushenko2000system,
	Author = {Yevtushenko, Serhiy A},
	Booktitle = {Proc. of the national conference on Artificial Intelligence KII},
	Date-Added = {2016-11-24 18:53:46 +0000},
	Date-Modified = {2016-11-24 18:53:46 +0000},
	Title = {System of data analysis Concept Explorer},
	Volume = {2000},
	Year = {2000}}

@book{ammann2008introduction,
	Author = {Ammann, Paul and Offutt, Jeff},
	Date-Added = {2016-11-22 13:25:32 +0000},
	Date-Modified = {2016-11-22 13:25:32 +0000},
	Publisher = {Cambridge University Press},
	Title = {Introduction to software testing},
	Year = {2008}}

@incollection{wille2005formal,
	Author = {Wille, Rudolf},
	Booktitle = {Formal concept analysis},
	Date-Added = {2016-11-20 02:24:51 +0000},
	Date-Modified = {2016-11-20 02:24:51 +0000},
	Pages = {1--33},
	Publisher = {Springer},
	Title = {Formal concept analysis as mathematical theory of concepts and concept hierarchies},
	Year = {2005}}

@incollection{offutt2001mutation,
	Author = {Offutt, A Jefferson and Untch, Roland H},
	Booktitle = {Mutation testing for the new century},
	Date-Added = {2016-11-19 22:04:20 +0000},
	Date-Modified = {2016-11-19 22:04:20 +0000},
	Pages = {34--44},
	Publisher = {Springer},
	Title = {Mutation 2000: Uniting the orthogonal},
	Year = {2001}}

@inproceedings{bottaci2001genetic,
	Author = {Bottaci, Leonardo},
	Booktitle = {Proceedings of the SEMINALL-workshop at the 23rd international conference on software engineering, Toronto, Canada},
	Date-Added = {2016-11-19 18:04:58 +0000},
	Date-Modified = {2016-11-19 18:04:58 +0000},
	Title = {A genetic algorithm fitness function for mutation testing},
	Year = {2001}}

@article{TOSEM_evaluation,
	Author = {Gordon Fraser and Andrea Arcuri},
	Journal = {ACM Trans. Softw. Eng. Methodol.},
	Number = {2},
	Pages = {8},
	Publisher = {ACM},
	Title = {A Large Scale Evaluation of Automated Unit Test Generation Using EvoSuite},
	Volume = {24},
	Year = {2014}}

@article{fraser2015achieving,
	Author = {Fraser, Gordon and Arcuri, Andrea},
	Date-Added = {2016-11-19 14:48:07 +0000},
	Date-Modified = {2016-11-19 14:48:07 +0000},
	Journal = {Empirical Software Engineering},
	Number = {3},
	Pages = {783--812},
	Publisher = {Springer},
	Title = {Achieving scalable mutation-based generation of whole test suites},
	Volume = {20},
	Year = {2015}}
